{"amount": 0.0094, "date": 1678220352, "price": 115293.97909613, "tid": 14821187, "type": "sell"}
{"amount": 0.0195, "date": 1678220352, "price": 115285.26822775, "tid": 14821188, "type": "sell"}
{"amount": 0.0193, "date": 1678220352, "price": 115284.84797761, "tid": 14821189, "type": "sell"}
{"amount": 0.0506, "date": 1678220352, "price": 115278.76788324, "tid": 14821190, "type": "sell"}
{"amount": 0.25055527, "date": 1678220352, "price": 115254.59, "tid": 14821191, "type": "sell"}
{"amount": 0.00793, "date": 1678220352, "price": 115160.71018617, "tid": 14821192, "type": "sell"}
{"amount": 0.00793, "date": 1678220352, "price": 115160.70948744, "tid": 14821193, "type": "sell"}
{"amount": 0.00877, "date": 1678220352, "price": 115160.59815646, "tid": 14821194, "type": "sell"}
{"amount": 0.008675, "date": 1678220352, "price": 115160.55460229, "tid": 14821195, "type": "sell"}
{"amount": 0.01018999, "date": 1678220352, "price": 115160.34, "tid": 14821196, "type": "sell"}
{"amount": 0.06790416, "date": 1678220352, "price": 115160.3252, "tid": 14821197, "type": "sell"}
{"amount": 0.00905, "date": 1678220352, "price": 115159.68025815, "tid": 14821198, "type": "sell"}
{"amount": 0.00802, "date": 1678220352, "price": 115159.54260834, "tid": 14821199, "type": "sell"}
{"amount": 0.00821, "date": 1678220352, "price": 115159.31854892, "tid": 14821200, "type": "sell"}
{"amount": 0.00793, "date": 1678220352, "price": 115147.09873094, "tid": 14821201, "type": "sell"}
{"amount": 0.18981001, "date": 1678220352, "price": 115119.02, "tid": 14821202, "type": "sell"}
{"amount": 0.03778998, "date": 1678220352, "price": 115119.01, "tid": 14821203, "type": "sell"}
{"amount": 0.37299054, "date": 1678220352, "price": 115119, "tid": 14821204, "type": "sell"}
{"amount": 0.0001272, "date": 1678220375, "price": 115248.49831388, "tid": 14821205, "type": "buy"}
{"amount": 0.00017004, "date": 1678220384, "price": 115273.73743327, "tid": 14821206, "type": "buy"}
{"amount": 0.0075, "date": 1678220390, "price": 115258.11828454, "tid": 14821207, "type": "sell"}
{"amount": 0.0077, "date": 1678220390, "price": 115257.70265991, "tid": 14821208, "type": "sell"}
{"amount": 0.0145, "date": 1678220390, "price": 115210.38690625, "tid": 14821209, "type": "sell"}
{"amount": 0.0157, "date": 1678220390, "price": 115209.97160603, "tid": 14821210, "type": "sell"}
{"amount": 0.008807, "date": 1678220390, "price": 115209.97152922, "tid": 14821211, "type": "sell"}
{"amount": 0.00036297, "date": 1678220392, "price": 115209.97152922, "tid": 14821212, "type": "sell"}
{"amount": 0.00171746, "date": 1678220401, "price": 115298.03102888, "tid": 14821213, "type": "buy"}
{"amount": 0.00101817, "date": 1678220414, "price": 115209.97152922, "tid": 14821214, "type": "sell"}
{"amount": 9.194e-05, "date": 1678220443, "price": 115389.01187, "tid": 14821215, "type": "buy"}
{"amount": 9.53e-06, "date": 1678220446, "price": 115389.01187, "tid": 14821216, "type": "buy"}
{"amount": 0.00069831, "date": 1678220484, "price": 115248.64352058, "tid": 14821217, "type": "buy"}
{"amount": 0.0175, "date": 1678220500, "price": 115177.18058736, "tid": 14821218, "type": "buy"}
{"amount": 0.0106, "date": 1678220500, "price": 115177.18058737, "tid": 14821219, "type": "buy"}
{"amount": 0.01, "date": 1678220500, "price": 115177.18058737, "tid": 14821220, "type": "buy"}
{"amount": 0.0088, "date": 1678220502, "price": 115200.59000001, "tid": 14821221, "type": "buy"}
{"amount": 0.01149999, "date": 1678220502, "price": 115228.01645178, "tid": 14821222, "type": "buy"}
{"amount": 0.01011904, "date": 1678220502, "price": 115211.73517976, "tid": 14821223, "type": "buy"}
{"amount": 0.0002604, "date": 1678220511, "price": 115161.05875867, "tid": 14821224, "type": "buy"}
{"amount": 0.00086865, "date": 1678220548, "price": 115120.68428645, "tid": 14821225, "type": "buy"}
{"amount": 4.213e-05, "date": 1678220566, "price": 115123.40956437, "tid": 14821226, "type": "buy"}
{"amount": 0.0092, "date": 1678220651, "price": 115207.92980999, "tid": 14821227, "type": "buy"}
{"amount": 0.04251519, "date": 1678220651, "price": 115207.92981, "tid": 14821228, "type": "buy"}
{"amount": 0.00227521, "date": 1678220671, "price": 115254.03397079, "tid": 14821229, "type": "buy"}
{"amount": 0.0088, "date": 1678220685, "price": 115163.55718662, "tid": 14821230, "type": "sell"}
{"amount": 0.0086, "date": 1678220685, "price": 115163.38082134, "tid": 14821231, "type": "sell"}
{"amount": 0.00749314, "date": 1678220685, "price": 115154.1870758, "tid": 14821232, "type": "sell"}
{"amount": 0.0073, "date": 1678220709, "price": 115158.27420902, "tid": 14821233, "type": "sell"}
{"amount": 0.00745599, "date": 1678220709, "price": 115158.27234794, "tid": 14821234, "type": "sell"}
{"amount": 8.68e-05, "date": 1678220718, "price": 115198.58831, "tid": 14821235, "type": "buy"}
{"amount": 0.00027222, "date": 1678220734, "price": 115158.39016966, "tid": 14821236, "type": "sell"}
{"amount": 2.17e-05, "date": 1678220760, "price": 115178.27559782, "tid": 14821237, "type": "buy"}
{"amount": 0.00429886, "date": 1678220824, "price": 115158.39000001, "tid": 14821238, "type": "buy"}
{"amount": 5.406e-05, "date": 1678220840, "price": 115158.39, "tid": 14821239, "type": "sell"}
{"amount": 0.00019667, "date": 1678220843, "price": 115162.01312729, "tid": 14821240, "type": "buy"}
{"amount": 0.00020432, "date": 1678220863, "price": 115158.4136533, "tid": 14821241, "type": "sell"}
{"amount": 5.365e-05, "date": 1678220880, "price": 115173.7308, "tid": 14821242, "type": "buy"}
{"amount": 0.00868253, "date": 1678220885, "price": 115173.7308, "tid": 14821243, "type": "buy"}
{"amount": 0.00085935, "date": 1678220909, "price": 115214.49833938, "tid": 14821244, "type": "buy"}
{"amount": 9.199e-05, "date": 1678220915, "price": 115227.64754563, "tid": 14821245, "type": "buy"}
{"amount": 0.0008578, "date": 1678220933, "price": 115193.40232722, "tid": 14821246, "type": "buy"}
{"amount": 0.00849, "date": 1678220953, "price": 115159.08028199, "tid": 14821247, "type": "sell"}
{"amount": 0.008675, "date": 1678220953, "price": 115159.06001882, "tid": 14821248, "type": "sell"}
{"amount": 0.007835, "date": 1678220953, "price": 115158.93820689, "tid": 14821249, "type": "sell"}
{"amount": 0.007555, "date": 1678220953, "price": 115158.93284996, "tid": 14821250, "type": "sell"}
{"amount": 0.00081594, "date": 1678220953, "price": 115158.39, "tid": 14821251, "type": "sell"}
{"amount": 0.00905, "date": 1678220953, "price": 115158.34964332, "tid": 14821252, "type": "sell"}
{"amount": 0.00765, "date": 1678220953, "price": 115158.11999406, "tid": 14821253, "type": "sell"}
{"amount": 8.2e-06, "date": 1678220953, "price": 115149.99, "tid": 14821254, "type": "sell"}
{"amount": 0.00849, "date": 1678220953, "price": 115144.98600433, "tid": 14821255, "type": "sell"}
{"amount": 0.007555, "date": 1678220953, "price": 115144.85580764, "tid": 14821256, "type": "sell"}
{"amount": 8.2e-06, "date": 1678220953, "price": 115139.99, "tid": 14821257, "type": "sell"}
{"amount": 8.2e-06, "date": 1678220953, "price": 115129.99, "tid": 14821258, "type": "sell"}
{"amount": 0.00877, "date": 1678220958, "price": 115159.32530331, "tid": 14821259, "type": "sell"}
{"amount": 0.008955, "date": 1678220961, "price": 115159.47133788, "tid": 14821260, "type": "sell"}
{"amount": 0.00774, "date": 1678220961, "price": 115159.35511579, "tid": 14821261, "type": "sell"}
{"amount": 0.00028, "date": 1678220961, "price": 115159.32530331, "tid": 14821262, "type": "sell"}
{"amount": 0.00886, "date": 1678220961, "price": 115158.93797398, "tid": 14821263, "type": "sell"}
{"amount": 0.00802, "date": 1678220961, "price": 115158.84411125, "tid": 14821264, "type": "sell"}
{"amount": 0.00765, "date": 1678220961, "price": 115158.82571136, "tid": 14821265, "type": "sell"}
{"amount": 0.00858, "date": 1678220961, "price": 115158.65638579, "tid": 14821266, "type": "sell"}
{"amount": 0.008675, "date": 1678220961, "price": 115145.2112283, "tid": 14821267, "type": "sell"}
{"amount": 8.2e-06, "date": 1678220961, "price": 115119.99, "tid": 14821268, "type": "sell"}
{"amount": 0.01616051, "date": 1678220961, "price": 115115.15, "tid": 14821269, "type": "sell"}
{"amount": 8.2e-06, "date": 1678220961, "price": 115109.99, "tid": 14821270, "type": "sell"}
{"amount": 8.2e-06, "date": 1678220961, "price": 115099.99, "tid": 14821271, "type": "sell"}
{"amount": 0.00821, "date": 1678220961, "price": 115094.48302908, "tid": 14821272, "type": "sell"}
{"amount": 0.008115, "date": 1678220961, "price": 115094.29879925, "tid": 14821273, "type": "sell"}
{"amount": 0.008955, "date": 1678220961, "price": 115093.17710469, "tid": 14821274, "type": "sell"}
{"amount": 0.00028, "date": 1678220961, "price": 115092.95094908, "tid": 14821275, "type": "sell"}
{"amount": 0.008395, "date": 1678220963, "price": 115159.57638029, "tid": 14821276, "type": "sell"}
{"amount": 0.008395, "date": 1678220963, "price": 115159.4485127, "tid": 14821277, "type": "sell"}
{"amount": 0.00914, "date": 1678220963, "price": 115145.5582642, "tid": 14821278, "type": "sell"}
{"amount": 0.00886, "date": 1678220963, "price": 115145.38847281, "tid": 14821279, "type": "sell"}
{"amount": 0.007555, "date": 1678220963, "price": 115094.76368563, "tid": 14821280, "type": "sell"}
{"amount": 0.008955, "date": 1678220963, "price": 115094.64397187, "tid": 14821281, "type": "sell"}
{"amount": 0.00209082, "date": 1678220963, "price": 115094.58737276, "tid": 14821282, "type": "sell"}
{"amount": 0.00905, "date": 1678220964, "price": 115093.52553805, "tid": 14821283, "type": "sell"}
{"amount": 0.00793, "date": 1678220964, "price": 115093.09349, "tid": 14821284, "type": "sell"}
{"amount": 0.009045, "date": 1678220964, "price": 115092.88130701, "tid": 14821285, "type": "sell"}
{"amount": 0.00886, "date": 1678220965, "price": 115159.758283, "tid": 14821286, "type": "sell"}
{"amount": 0.00802, "date": 1678220965, "price": 115159.05675808, "tid": 14821287, "type": "sell"}
{"amount": 0.00858, "date": 1678220965, "price": 115158.95614096, "tid": 14821288, "type": "sell"}
{"amount": 0.008115, "date": 1678220965, "price": 115094.85871291, "tid": 14821289, "type": "sell"}
{"amount": 0.006905, "date": 1678220965, "price": 115094.77323692, "tid": 14821290, "type": "sell"}
{"amount": 0.00886, "date": 1678220966, "price": 115159.85750266, "tid": 14821291, "type": "sell"}
{"amount": 0.0083, "date": 1678220966, "price": 115159.62808631, "tid": 14821292, "type": "sell"}
{"amount": 0.00802, "date": 1678220966, "price": 115159.19301043, "tid": 14821293, "type": "sell"}
{"amount": 0.008395, "date": 1678220966, "price": 115159.06677321, "tid": 14821294, "type": "sell"}
{"amount": 0.00849, "date": 1678220966, "price": 115095.02431192, "tid": 14821295, "type": "sell"}
{"amount": 0.00793, "date": 1678220966, "price": 115094.88969192, "tid": 14821296, "type": "sell"}
{"amount": 0.00849, "date": 1678220966, "price": 115093.78872635, "tid": 14821297, "type": "sell"}
{"amount": 0.0014, "date": 1678220966, "price": 115093.35225301, "tid": 14821298, "type": "sell"}
{"amount": 0.008675, "date": 1678220968, "price": 115159.99235755, "tid": 14821299, "type": "sell"}
{"amount": 0.008675, "date": 1678220968, "price": 115159.75874882, "tid": 14821300, "type": "sell"}
{"amount": 0.00877, "date": 1678220968, "price": 115159.33625008, "tid": 14821301, "type": "sell"}
{"amount": 0.00858, "date": 1678220968, "price": 115159.24448354, "tid": 14821302, "type": "sell"}
{"amount": 0.00877, "date": 1678220968, "price": 115145.73807072, "tid": 14821303, "type": "sell"}
{"amount": 0.00765, "date": 1678220968, "price": 115095.20388553, "tid": 14821304, "type": "sell"}
{"amount": 0.0083, "date": 1678220968, "price": 115095.0708959, "tid": 14821305, "type": "sell"}
{"amount": 0.008675, "date": 1678220968, "price": 115094.06588925, "tid": 14821306, "type": "sell"}
{"amount": 0.00886, "date": 1678220968, "price": 115093.90727754, "tid": 14821307, "type": "sell"}
{"amount": 0.00662, "date": 1678220968, "price": 115093.51855075, "tid": 14821308, "type": "sell"}
{"amount": 0.007555, "date": 1678220969, "price": 115159.34579939, "tid": 14821309, "type": "sell"}
{"amount": 0.00056, "date": 1678220971, "price": 115159.34579939, "tid": 14821310, "type": "sell"}
{"amount": 0.00112, "date": 1678220971, "price": 115093.51855075, "tid": 14821311, "type": "sell"}
{"amount": 0.006995, "date": 1678220971, "price": 115093.23928968, "tid": 14821312, "type": "sell"}
{"amount": 0.0009281, "date": 1678221030, "price": 115141.75950999, "tid": 14821313, "type": "sell"}
{"amount": 0.00031649, "date": 1678221127, "price": 115166.71, "tid": 14821314, "type": "buy"}
{"amount": 0.0004562, "date": 1678221192, "price": 115166.70999999, "tid": 14821315, "type": "sell"}
{"amount": 7.766e-05, "date": 1678221240, "price": 115166.71, "tid": 14821316, "type": "buy"}
{"amount": 0.00060316, "date": 1678221287, "price": 115166.71, "tid": 14821317, "type": "buy"}
{"amount": 0.00129064, "date": 1678221313, "price": 115300.18507645, "tid": 14821318, "type": "buy"}
{"amount": 7.395e-05, "date": 1678221317, "price": 115300.18507645, "tid": 14821319, "type": "buy"}
{"amount": 7.383e-05, "date": 1678221325, "price": 115285.34307, "tid": 14821320, "type": "sell"}
{"amount": 0.00418229, "date": 1678221359, "price": 115285.34307, "tid": 14821321, "type": "sell"}
{"amount": 0.00095191, "date": 1678221367, "price": 115285.34307, "tid": 14821322, "type": "sell"}
{"amount": 0.00051976, "date": 1678221368, "price": 115435.99993, "tid": 14821323, "type": "buy"}
{"amount": 0.00040788, "date": 1678221447, "price": 115301.21303314, "tid": 14821324, "type": "buy"}
{"amount": 0.00889212, "date": 1678221451, "price": 115301.21303314, "tid": 14821325, "type": "buy"}
{"amount": 0.01214021, "date": 1678221451, "price": 115324.33745429, "tid": 14821326, "type": "buy"}
{"amount": 0.00555979, "date": 1678221451, "price": 115324.33745429, "tid": 14821327, "type": "buy"}
{"amount": 0.01214538, "date": 1678221451, "price": 115452.22172, "tid": 14821328, "type": "buy"}
{"amount": 0.02580288, "date": 1678221454, "price": 115452.22172, "tid": 14821329, "type": "buy"}
{"amount": 0.0191, "date": 1678221490, "price": 115315.26928055, "tid": 14821330, "type": "buy"}
{"amount": 0.0199, "date": 1678221490, "price": 115315.26928535, "tid": 14821331, "type": "buy"}
{"amount": 0.0103, "date": 1678221490, "price": 115315.29623641, "tid": 14821332, "type": "buy"}
{"amount": 0.0019, "date": 1678221490, "price": 115315.29623827, "tid": 14821333, "type": "buy"}
{"amount": 0.0186, "date": 1678221492, "price": 115311.88515395, "tid": 14821334, "type": "buy"}
{"amount": 0.0183, "date": 1678221494, "price": 115305.69813393, "tid": 14821335, "type": "buy"}
{"amount": 0.00414508, "date": 1678221494, "price": 115305.69971328, "tid": 14821336, "type": "buy"}
{"amount": 0.00043591, "date": 1678221523, "price": 115255.51335001, "tid": 14821337, "type": "sell"}
{"amount": 0.00013009, "date": 1678221557, "price": 115311.71665496, "tid": 14821338, "type": "buy"}
{"amount": 0.00038988, "date": 1678221578, "price": 115271.96269, "tid": 14821339, "type": "sell"}
{"amount": 0.00266319, "date": 1678221580, "price": 115271.96269, "tid": 14821340, "type": "sell"}
{"amount": 0.00033995, "date": 1678221591, "price": 115435.99988, "tid": 14821341, "type": "buy"}
{"amount": 8.669e-05, "date": 1678221622, "price": 115349.53865527, "tid": 14821342, "type": "buy"}
{"amount": 0.00012924, "date": 1678221674, "price": 115358.37053337, "tid": 14821343, "type": "sell"}
{"amount": 0.0098, "date": 1678221680, "price": 115399.99999998, "tid": 14821344, "type": "sell"}
{"amount": 0.0186, "date": 1678221680, "price": 115398.69148196, "tid": 14821345, "type": "sell"}
{"amount": 0.01785254, "date": 1678221680, "price": 115390.98041263, "tid": 14821346, "type": "sell"}
{"amount": 0.00025435, "date": 1678221704, "price": 115389.14544605, "tid": 14821347, "type": "buy"}
{"amount": 0.0088, "date": 1678221710, "price": 115381.1992914, "tid": 14821348, "type": "buy"}
{"amount": 0.0172, "date": 1678221710, "price": 115381.19931433, "tid": 14821349, "type": "buy"}
{"amount": 0.03736151, "date": 1678221710, "price": 115400, "tid": 14821350, "type": "buy"}
{"amount": 0.00346751, "date": 1678221714, "price": 115356.35313533, "tid": 14821351, "type": "buy"}
{"amount": 0.00042686, "date": 1678221769, "price": 115353.54832156, "tid": 14821352, "type": "buy"}
{"amount": 7.92e-05, "date": 1678221818, "price": 115376.44747269, "tid": 14821353, "type": "buy"}
{"amount": 0.0091, "date": 1678221820, "price": 115335.99524258, "tid": 14821354, "type": "sell"}
{"amount": 0.0101, "date": 1678221820, "price": 115335.90626467, "tid": 14821355, "type": "sell"}
{"amount": 0.00548533, "date": 1678221820, "price": 115322.0962107, "tid": 14821356, "type": "sell"}
{"amount": 0.0086, "date": 1678221917, "price": 115277.76923789, "tid": 14821357, "type": "buy"}
{"amount": 0.0149, "date": 1678221917, "price": 115319.28300206, "tid": 14821358, "type": "buy"}
{"amount": 0.00368506, "date": 1678221917, "price": 115364.09236949, "tid": 14821359, "type": "buy"}
{"amount": 0.00210304, "date": 1678221956, "price": 115278.00005, "tid": 14821360, "type": "sell"}
{"amount": 0.0069, "date": 1678222003, "price": 115278.00000001, "tid": 14821361, "type": "buy"}
{"amount": 0.0127, "date": 1678222003, "price": 115278.00000001, "tid": 14821362, "type": "buy"}
{"amount": 0.02377159, "date": 1678222003, "price": 115286.81113236, "tid": 14821363, "type": "buy"}
{"amount": 0.0039036, "date": 1678222041, "price": 115278.00000001, "tid": 14821364, "type": "buy"}
{"amount": 0.00086746, "date": 1678222062, "price": 115278.00000001, "tid": 14821365, "type": "buy"}
{"amount": 0.00128807, "date": 1678222114, "price": 115299.95766, "tid": 14821366, "type": "buy"}
{"amount": 0.02008085, "date": 1678222173, "price": 115285.96834555, "tid": 14821367, "type": "sell"}
{"amount": 0.00164085, "date": 1678222176, "price": 115288.2639015, "tid": 14821368, "type": "sell"}
{"amount": 0.00867303, "date": 1678222188, "price": 115299.95766, "tid": 14821369, "type": "buy"}
{"amount": 0.0089, "date": 1678222191, "price": 115299.95765999, "tid": 14821370, "type": "sell"}
{"amount": 0.0091, "date": 1678222259, "price": 115299.95765999, "tid": 14821371, "type": "sell"}
{"amount": 0.0637764, "date": 1678222321, "price": 115299.95765, "tid": 14821372, "type": "buy"}
{"amount": 0.13072211, "date": 1678222321, "price": 115299.95766, "tid": 14821373, "type": "buy"}
{"amount": 0.00011209, "date": 1678222376, "price": 115278.00000001, "tid": 14821374, "type": "sell"}
{"amount": 0.00176036, "date": 1678222431, "price": 115299.95766, "tid": 14821375, "type": "buy"}
{"amount": 0.00039462, "date": 1678222507, "price": 115299.95, "tid": 14821376, "type": "sell"}
{"amount": 0.0103, "date": 1678222507, "price": 115289.28222666, "tid": 14821377, "type": "sell"}
{"amount": 0.0193, "date": 1678222507, "price": 115278.00000001, "tid": 14821378, "type": "sell"}
{"amount": 0.0005, "date": 1678222507, "price": 115278, "tid": 14821379, "type": "sell"}
{"amount": 0.0515, "date": 1678222507, "price": 115262.26182594, "tid": 14821380, "type": "sell"}
{"amount": 0.00019593, "date": 1678222507, "price": 115141.75, "tid": 14821381, "type": "sell"}
{"amount": 0.01710945, "date": 1678222507, "price": 115062.01007, "tid": 14821382, "type": "sell"}
{"amount": 0.0019516, "date": 1678222510, "price": 115299.95766, "tid": 14821383, "type": "buy"}
{"amount": 0.00214679, "date": 1678222561, "price": 115299.95766, "tid": 14821384, "type": "buy"}
{"amount": 0.0005, "date": 1678222567, "price": 115233.56828793, "tid": 14821385, "type": "buy"}
{"amount": 2.992e-05, "date": 1678222587, "price": 115274.64941348, "tid": 14821386, "type": "buy"}
{"amount": 0.0094, "date": 1678222664, "price": 115045.46280334, "tid": 14821387, "type": "sell"}
{"amount": 8.2e-06, "date": 1678222664, "price": 115009.99, "tid": 14821388, "type": "sell"}
{"amount": 0.00230037, "date": 1678222664, "price": 115009.20989885, "tid": 14821389, "type": "sell"}
{"amount": 6.603e-05, "date": 1678222668, "price": 115081.84092348, "tid": 14821390, "type": "buy"}
{"amount": 0.00036875, "date": 1678222698, "price": 115038.3950742, "tid": 14821391, "type": "sell"}
{"amount": 0.00069343, "date": 1678222712, "price": 115069.92787868, "tid": 14821392, "type": "sell"}
{"amount": 0.00162732, "date": 1678222743, "price": 115078.48491231, "tid": 14821393, "type": "buy"}
{"amount": 0.00015088, "date": 1678222792, "price": 115038.36247797, "tid": 14821394, "type": "sell"}
{"amount": 0.00043455, "date": 1678222820, "price": 115060, "tid": 14821395, "type": "buy"}
{"amount": 1.998e-05, "date": 1678222884, "price": 115060, "tid": 14821396, "type": "buy"}
{"amount": 0.00029335, "date": 1678222886, "price": 115060, "tid": 14821397, "type": "buy"}
{"amount": 0.00592677, "date": 1678222952, "price": 115059.99999998, "tid": 14821398, "type": "buy"}
{"amount": 0.0008605, "date": 1678222954, "price": 115059.99999998, "tid": 14821399, "type": "buy"}
{"amount": 0.00086221, "date": 1678222978, "price": 115059.99999998, "tid": 14821400, "type": "buy"}
{"amount": 0.0005, "date": 1678223021, "price": 115060, "tid": 14821401, "type": "buy"}
{"amount": 0.00010691, "date": 1678223035, "price": 115043.66753071, "tid": 14821402, "type": "buy"}
{"amount": 0.01437838, "date": 1678223061, "price": 115021.01403, "tid": 14821403, "type": "sell"}
{"amount": 0.0089, "date": 1678223061, "price": 115000.99000001, "tid": 14821404, "type": "sell"}
{"amount": 8.2e-06, "date": 1678223061, "price": 115000.99, "tid": 14821405, "type": "sell"}
{"amount": 8.2e-06, "date": 1678223061, "price": 115000.9, "tid": 14821406, "type": "sell"}
{"amount": 8.2e-06, "date": 1678223061, "price": 115000.09, "tid": 14821407, "type": "sell"}
{"amount": 8.2e-06, "date": 1678223061, "price": 115000.03, "tid": 14821408, "type": "sell"}
{"amount": 8.2e-06, "date": 1678223061, "price": 115000.01, "tid": 14821409, "type": "sell"}
{"amount": 0.01144627, "date": 1678223061, "price": 115000, "tid": 14821410, "type": "sell"}
{"amount": 0.00035904, "date": 1678223061, "price": 115000, "tid": 14821411, "type": "sell"}
{"amount": 0.0009, "date": 1678223061, "price": 115000, "tid": 14821412, "type": "sell"}
{"amount": 0.00906521, "date": 1678223061, "price": 115000, "tid": 14821413, "type": "sell"}
{"amount": 0.00011111, "date": 1678223061, "price": 115000, "tid": 14821414, "type": "sell"}
{"amount": 0.00047756, "date": 1678223061, "price": 115000, "tid": 14821415, "type": "sell"}
{"amount": 0.00158371, "date": 1678223061, "price": 115000, "tid": 14821416, "type": "sell"}
{"amount": 0.00043455, "date": 1678223103, "price": 115060, "tid": 14821417, "type": "buy"}
{"amount": 0.0006122, "date": 1678223111, "price": 115060, "tid": 14821418, "type": "buy"}
{"amount": 0.0077, "date": 1678223135, "price": 115059.99999998, "tid": 14821419, "type": "sell"}
{"amount": 0.00045945, "date": 1678223135, "price": 115059.99999, "tid": 14821420, "type": "sell"}
{"amount": 1.848e-05, "date": 1678223207, "price": 115050.00005, "tid": 14821421, "type": "sell"}
{"amount": 0.00666187, "date": 1678223304, "price": 115059.99, "tid": 14821422, "type": "buy"}
{"amount": 0.01797645, "date": 1678223330, "price": 115059.99, "tid": 14821423, "type": "buy"}
{"amount": 0.0259929, "date": 1678223330, "price": 115060, "tid": 14821424, "type": "buy"}
{"amount": 9.19e-06, "date": 1678223372, "price": 115050.00000001, "tid": 14821425, "type": "buy"}
{"amount": 6.745e-05, "date": 1678223374, "price": 115050.00000001, "tid": 14821426, "type": "buy"}
{"amount": 0.00016, "date": 1678223378, "price": 115050, "tid": 14821427, "type": "sell"}
{"amount": 0.0077, "date": 1678223378, "price": 115002.00005001, "tid": 14821428, "type": "sell"}
{"amount": 0.02292033, "date": 1678223378, "price": 115002.00005, "tid": 14821429, "type": "sell"}
{"amount": 0.00110615, "date": 1678223378, "price": 115002, "tid": 14821430, "type": "sell"}
{"amount": 0.00023855, "date": 1678223378, "price": 115000, "tid": 14821431, "type": "sell"}
{"amount": 8.2e-06, "date": 1678223378, "price": 115000, "tid": 14821432, "type": "sell"}
{"amount": 0.0001, "date": 1678223378, "price": 115000, "tid": 14821433, "type": "sell"}
{"amount": 0.03852347, "date": 1678223378, "price": 115000, "tid": 14821434, "type": "sell"}
{"amount": 0.01696974, "date": 1678223378, "price": 114999.99, "tid": 14821435, "type": "sell"}
{"amount": 8.2e-06, "date": 1678223378, "price": 114999.99, "tid": 14821436, "type": "sell"}
{"amount": 0.00369369, "date": 1678223378, "price": 114990.36, "tid": 14821437, "type": "sell"}
{"amount": 0.0171, "date": 1678223378, "price": 114956.00000001, "tid": 14821438, "type": "sell"}
{"amount": 0.588, "date": 1678223378, "price": 114956, "tid": 14821439, "type": "sell"}
{"amount": 0.00022563, "date": 1678223378, "price": 114927.03, "tid": 14821440, "type": "sell"}
{"amount": 0.00368899, "date": 1678223378, "price": 114927.03, "tid": 14821441, "type": "sell"}
{"amount": 0.01545281, "date": 1678223378, "price": 114927.02, "tid": 14821442, "type": "sell"}
{"amount": 0.02790198, "date": 1678223378, "price": 114927.01, "tid": 14821443, "type": "sell"}
{"amount": 0.00298814, "date": 1678223397, "price": 114949.5883033, "tid": 14821444, "type": "sell"}
{"amount": 0.00370495, "date": 1678223421, "price": 114942.44996001, "tid": 14821445, "type": "sell"}
{"amount": 0.0001904, "date": 1678223434, "price": 114905.05005, "tid": 14821446, "type": "sell"}
{"amount": 0.00097906, "date": 1678223443, "price": 114905.05000001, "tid": 14821447, "type": "buy"}
{"amount": 4.159e-05, "date": 1678223449, "price": 114905.05000001, "tid": 14821448, "type": "buy"}
{"amount": 8.703e-05, "date": 1678223497, "price": 114900.00010001, "tid": 14821449, "type": "buy"}
{"amount": 1e-05, "date": 1678223501, "price": 114900.0001, "tid": 14821450, "type": "sell"}
{"amount": 1.075e-05, "date": 1678223501, "price": 114900, "tid": 14821451, "type": "sell"}
{"amount": 3.498e-05, "date": 1678223514, "price": 114900.00000001, "tid": 14821452, "type": "buy"}
{"amount": 0.00818515, "date": 1678223537, "price": 114900, "tid": 14821453, "type": "sell"}
{"amount": 9e-05, "date": 1678223537, "price": 114900, "tid": 14821454, "type": "sell"}
{"amount": 0.00870709, "date": 1678223537, "price": 114850.0001, "tid": 14821455, "type": "sell"}
{"amount": 0.0069, "date": 1678223537, "price": 114823.69005001, "tid": 14821456, "type": "sell"}
{"amount": 0.00326602, "date": 1678223537, "price": 114823.69005, "tid": 14821457, "type": "sell"}
{"amount": 0.00369369, "date": 1678223537, "price": 114823.69, "tid": 14821458, "type": "sell"}
{"amount": 0.06369234, "date": 1678223537, "price": 114807, "tid": 14821459, "type": "sell"}
{"amount": 8.707e-05, "date": 1678223541, "price": 114845.60238317, "tid": 14821460, "type": "buy"}
{"amount": 8.708e-05, "date": 1678223579, "price": 114825.51357543, "tid": 14821461, "type": "buy"}
{"amount": 8.715e-05, "date": 1678223628, "price": 114800.99, "tid": 14821462, "type": "sell"}
{"amount": 1e-05, "date": 1678223628, "price": 114800.0001, "tid": 14821463, "type": "sell"}
{"amount": 0.00019739, "date": 1678223628, "price": 114750, "tid": 14821464, "type": "sell"}
{"amount": 0.0063, "date": 1678223635, "price": 114760.93336258, "tid": 14821465, "type": "sell"}
{"amount": 8.714e-05, "date": 1678223635, "price": 114750, "tid": 14821466, "type": "sell"}
{"amount": 0.00369369, "date": 1678223635, "price": 114730.69, "tid": 14821467, "type": "sell"}
{"amount": 0.03954214, "date": 1678223635, "price": 114727.03, "tid": 14821468, "type": "sell"}
{"amount": 0.00100999, "date": 1678223645, "price": 114889.86272999, "tid": 14821469, "type": "sell"}
{"amount": 0.00100999, "date": 1678223646, "price": 114902.43625583, "tid": 14821470, "type": "sell"}
{"amount": 0.0055, "date": 1678223647, "price": 114905.04999999, "tid": 14821471, "type": "sell"}
{"amount": 0.00049999, "date": 1678223647, "price": 114905.04999999, "tid": 14821472, "type": "sell"}
{"amount": 0.00100543, "date": 1678223648, "price": 114905.05, "tid": 14821473, "type": "buy"}
{"amount": 0.00500001, "date": 1678223649, "price": 114905.04999999, "tid": 14821474, "type": "sell"}
{"amount": 0.009523, "date": 1678223649, "price": 114862.59920957, "tid": 14821475, "type": "sell"}
{"amount": 0.0116, "date": 1678223650, "price": 114857.22558218, "tid": 14821476, "type": "sell"}
{"amount": 0.0003995, "date": 1678223654, "price": 114747.36034291, "tid": 14821477, "type": "sell"}
{"amount": 0.00153121, "date": 1678223656, "price": 114824.08989624, "tid": 14821478, "type": "sell"}
{"amount": 0.0085, "date": 1678223657, "price": 114752.41760621, "tid": 14821479, "type": "sell"}
{"amount": 0.00999716, "date": 1678223657, "price": 114727.03, "tid": 14821480, "type": "sell"}
{"amount": 0.00034697, "date": 1678223673, "price": 114820.25034983, "tid": 14821481, "type": "buy"}
{"amount": 0.001, "date": 1678223767, "price": 114905.04999999, "tid": 14821482, "type": "sell"}
{"amount": 0.00946214, "date": 1678223767, "price": 114905.04999, "tid": 14821483, "type": "sell"}
{"amount": 0.00744632, "date": 1678223770, "price": 114905.05, "tid": 14821484, "type": "buy"}
{"amount": 0.00087002, "date": 1678223809, "price": 114800.67005001, "tid": 14821485, "type": "buy"}
{"amount": 0.00154297, "date": 1678223837, "price": 114878.83074381, "tid": 14821486, "type": "buy"}
{"amount": 0.00154297, "date": 1678223839, "price": 114856.5118099, "tid": 14821487, "type": "buy"}
{"amount": 0.00577304, "date": 1678223858, "price": 114855.92948786, "tid": 14821488, "type": "buy"}
{"amount": 0.00813, "date": 1678223865, "price": 114855.92948786, "tid": 14821489, "type": "buy"}
{"amount": 0.0089, "date": 1678224008, "price": 114803.01982883, "tid": 14821490, "type": "buy"}
{"amount": 0.00056379, "date": 1678224011, "price": 114803.1013957, "tid": 14821491, "type": "buy"}
{"amount": 0.00124029, "date": 1678224055, "price": 114800.67000001, "tid": 14821492, "type": "buy"}
{"amount": 0.00875971, "date": 1678224122, "price": 114800.67000001, "tid": 14821493, "type": "buy"}
{"amount": 0.0181, "date": 1678224122, "price": 114800.67000001, "tid": 14821494, "type": "buy"}
{"amount": 0.0463, "date": 1678224122, "price": 114800.67000001, "tid": 14821495, "type": "buy"}
{"amount": 0.008675, "date": 1678224122, "price": 114800.67000001, "tid": 14821496, "type": "buy"}
{"amount": 0.00527279, "date": 1678224122, "price": 114800.67000001, "tid": 14821497, "type": "buy"}
{"amount": 0.002568, "date": 1678224178, "price": 114800.67, "tid": 14821498, "type": "sell"}
{"amount": 3.03e-06, "date": 1678224178, "price": 114799.99, "tid": 14821499, "type": "sell"}
{"amount": 0.00261324, "date": 1678224202, "price": 114799.99000001, "tid": 14821500, "type": "buy"}
{"amount": 0.00060975, "date": 1678224211, "price": 114799.99000001, "tid": 14821501, "type": "buy"}
{"amount": 5.17e-06, "date": 1678224215, "price": 114799.99, "tid": 14821502, "type": "sell"}
{"amount": 0.002568, "date": 1678224215, "price": 114798.35, "tid": 14821503, "type": "sell"}
{"amount": 0.00054176, "date": 1678224215, "price": 114727.03, "tid": 14821504, "type": "sell"}
{"amount": 0.14959227, "date": 1678224241, "price": 114727.03, "tid": 14821505, "type": "sell"}
{"amount": 0.008, "date": 1678224241, "price": 114718.29249001, "tid": 14821506, "type": "sell"}
{"amount": 0.00928056, "date": 1678224241, "price": 114718.29249, "tid": 14821507, "type": "sell"}
{"amount": 1e-05, "date": 1678224241, "price": 114700.0001, "tid": 14821508, "type": "sell"}
{"amount": 0.001, "date": 1678224241, "price": 114700, "tid": 14821509, "type": "sell"}
{"amount": 8.2e-06, "date": 1678224241, "price": 114699.99, "tid": 14821510, "type": "sell"}
{"amount": 0.0173, "date": 1678224241, "price": 114682.22080604, "tid": 14821511, "type": "sell"}
{"amount": 0.0179, "date": 1678224241, "price": 114674.22388301, "tid": 14821512, "type": "sell"}
{"amount": 5.32e-05, "date": 1678224241, "price": 114651.67952, "tid": 14821513, "type": "sell"}
{"amount": 0.0468, "date": 1678224241, "price": 114640.72130775, "tid": 14821514, "type": "sell"}
{"amount": 0.00369369, "date": 1678224241, "price": 114633.09, "tid": 14821515, "type": "sell"}
{"amount": 0.1032703, "date": 1678224241, "price": 114630.00001, "tid": 14821516, "type": "sell"}
{"amount": 0.04874117, "date": 1678224241, "price": 114630, "tid": 14821517, "type": "sell"}
{"amount": 0.00087, "date": 1678224256, "price": 114693.91049213, "tid": 14821518, "type": "buy"}
{"amount": 8.718e-05, "date": 1678224269, "price": 114693.42662716, "tid": 14821519, "type": "buy"}
{"amount": 0.00773726, "date": 1678224280, "price": 114665.96356, "tid": 14821520, "type": "sell"}
{"amount": 0.00505561, "date": 1678224294, "price": 114724.01480988, "tid": 14821521, "type": "buy"}
{"amount": 0.0043, "date": 1678224393, "price": 114732.48342722, "tid": 14821522, "type": "sell"}
{"amount": 0.00372538, "date": 1678224393, "price": 114729.27753, "tid": 14821523, "type": "sell"}
{"amount": 0.008395, "date": 1678224608, "price": 114724.00000001, "tid": 14821524, "type": "buy"}
{"amount": 0.008115, "date": 1678224608, "price": 114724.00000001, "tid": 14821525, "type": "buy"}
{"amount": 0.00021341, "date": 1678224641, "price": 114808.95542787, "tid": 14821526, "type": "buy"}
{"amount": 0.01924544, "date": 1678224671, "price": 114817.34527058, "tid": 14821527, "type": "buy"}
{"amount": 0.01828288, "date": 1678224672, "price": 114817.34527056, "tid": 14821528, "type": "buy"}
{"amount": 0.0181, "date": 1678224674, "price": 114817.40463332, "tid": 14821529, "type": "buy"}
{"amount": 0.01511, "date": 1678224674, "price": 114817.58158856, "tid": 14821530, "type": "buy"}
{"amount": 0.00990914, "date": 1678224676, "price": 114862.04531651, "tid": 14821531, "type": "buy"}
{"amount": 9.086e-05, "date": 1678224676, "price": 114862.04531651, "tid": 14821532, "type": "buy"}
{"amount": 0.00992574, "date": 1678224676, "price": 114862.04531651, "tid": 14821533, "type": "buy"}
{"amount": 0.00030971, "date": 1678224679, "price": 114831.33530512, "tid": 14821534, "type": "sell"}
{"amount": 0.0102, "date": 1678224679, "price": 114871.52566146, "tid": 14821535, "type": "buy"}
{"amount": 0.0096, "date": 1678224679, "price": 114871.52567175, "tid": 14821536, "type": "buy"}
{"amount": 0.00531495, "date": 1678224679, "price": 114877.77340071, "tid": 14821537, "type": "buy"}
{"amount": 0.002, "date": 1678224690, "price": 114831.43141, "tid": 14821538, "type": "sell"}
{"amount": 0.00430974, "date": 1678224691, "price": 114867.61401332, "tid": 14821539, "type": "buy"}
{"amount": 0.00440446, "date": 1678224703, "price": 114831.43141, "tid": 14821540, "type": "sell"}
{"amount": 0.00110274, "date": 1678224703, "price": 114831.43136467, "tid": 14821541, "type": "sell"}
{"amount": 0.00129292, "date": 1678224716, "price": 114867.61401332, "tid": 14821542, "type": "buy"}
{"amount": 0.00359734, "date": 1678224719, "price": 114867.61401332, "tid": 14821543, "type": "buy"}
{"amount": 0.0207, "date": 1678224719, "price": 114894.40280355, "tid": 14821544, "type": "buy"}
{"amount": 0.00829521, "date": 1678224719, "price": 114912.67490695, "tid": 14821545, "type": "buy"}
{"amount": 0.01451237, "date": 1678224725, "price": 114912.18620825, "tid": 14821546, "type": "buy"}
{"amount": 0.01970628, "date": 1678224754, "price": 114831.44000001, "tid": 14821547, "type": "buy"}
{"amount": 0.0016333, "date": 1678224755, "price": 114831.44000001, "tid": 14821548, "type": "buy"}
{"amount": 0.00012741, "date": 1678224784, "price": 114922.47736271, "tid": 14821549, "type": "buy"}
{"amount": 0.00435055, "date": 1678224822, "price": 114927.77231978, "tid": 14821550, "type": "buy"}
{"amount": 0.0088, "date": 1678224857, "price": 114932.81341344, "tid": 14821551, "type": "buy"}
{"amount": 0.0165, "date": 1678224857, "price": 114965.32470056, "tid": 14821552, "type": "buy"}
{"amount": 0.01755033, "date": 1678224857, "price": 115000, "tid": 14821553, "type": "buy"}
{"amount": 0.0423, "date": 1678224857, "price": 115008.74284676, "tid": 14821554, "type": "buy"}
{"amount": 0.0166, "date": 1678224857, "price": 115008.74284677, "tid": 14821555, "type": "buy"}
{"amount": 0.01698, "date": 1678224857, "price": 115013.88203664, "tid": 14821556, "type": "buy"}
{"amount": 0.01567, "date": 1678224857, "price": 115047.18863082, "tid": 14821557, "type": "buy"}
{"amount": 0.01410928, "date": 1678224857, "price": 115047.30684472, "tid": 14821558, "type": "buy"}
{"amount": 2.609e-05, "date": 1678224875, "price": 114951.47682197, "tid": 14821559, "type": "buy"}
{"amount": 0.00881877, "date": 1678224941, "price": 114858.81694, "tid": 14821560, "type": "sell"}
{"amount": 0.0088, "date": 1678224941, "price": 114858.81689955, "tid": 14821561, "type": "sell"}
{"amount": 0.15695741, "date": 1678224941, "price": 114857.45911352, "tid": 14821562, "type": "sell"}
{"amount": 0.00011795, "date": 1678224995, "price": 114957.91590336, "tid": 14821563, "type": "buy"}
{"amount": 0.005, "date": 1678225006, "price": 114943.21207234, "tid": 14821564, "type": "buy"}
{"amount": 0.0049, "date": 1678225006, "price": 114943.45374662, "tid": 14821565, "type": "buy"}
{"amount": 0.01567, "date": 1678225006, "price": 114957.1617718, "tid": 14821566, "type": "buy"}
{"amount": 0.01567, "date": 1678225006, "price": 114957.28632294, "tid": 14821567, "type": "buy"}
{"amount": 0.01791, "date": 1678225006, "price": 114957.60196624, "tid": 14821568, "type": "buy"}
{"amount": 0.01586, "date": 1678225006, "price": 114957.72895478, "tid": 14821569, "type": "buy"}
{"amount": 0.01511, "date": 1678225006, "price": 114957.95685168, "tid": 14821570, "type": "buy"}
{"amount": 0.01791, "date": 1678225006, "price": 114963.3942036, "tid": 14821571, "type": "buy"}
{"amount": 0.01492, "date": 1678225006, "price": 114963.48292496, "tid": 14821572, "type": "buy"}
{"amount": 0.01698, "date": 1678225006, "price": 114963.54678484, "tid": 14821573, "type": "buy"}
{"amount": 0.00597838, "date": 1678225006, "price": 114963.62990018, "tid": 14821574, "type": "buy"}
{"amount": 0.007, "date": 1678225039, "price": 114899.1593, "tid": 14821575, "type": "buy"}
{"amount": 0.00043469, "date": 1678225053, "price": 114954.01167604, "tid": 14821576, "type": "buy"}
{"amount": 0.0193, "date": 1678225122, "price": 114873.48916596, "tid": 14821577, "type": "buy"}
{"amount": 0.0097, "date": 1678225122, "price": 114873.57567021, "tid": 14821578, "type": "buy"}
{"amount": 0.0181, "date": 1678225122, "price": 114874.0883097, "tid": 14821579, "type": "buy"}
{"amount": 0.01772, "date": 1678225122, "price": 114874.10147166, "tid": 14821580, "type": "buy"}
{"amount": 0.00414292, "date": 1678225122, "price": 114913.03233395, "tid": 14821581, "type": "buy"}
{"amount": 0.00088727, "date": 1678225125, "price": 114909.92708326, "tid": 14821582, "type": "buy"}
{"amount": 0.00088727, "date": 1678225128, "price": 114919.78638028, "tid": 14821583, "type": "buy"}
{"amount": 0.00975931, "date": 1678225158, "price": 114945.61151338, "tid": 14821584, "type": "sell"}
{"amount": 4.306e-05, "date": 1678225159, "price": 114945.61151338, "tid": 14821585, "type": "sell"}
{"amount": 0.0011, "date": 1678225182, "price": 114975.28552435, "tid": 14821586, "type": "buy"}
{"amount": 0.0043777, "date": 1678225182, "price": 115000, "tid": 14821587, "type": "buy"}
{"amount": 0.00051999, "date": 1678225198, "price": 115000, "tid": 14821588, "type": "buy"}
{"amount": 0.00058001, "date": 1678225202, "price": 115000, "tid": 14821589, "type": "buy"}
{"amount": 0.001, "date": 1678225202, "price": 115040.6064942, "tid": 14821590, "type": "buy"}
{"amount": 0.01772, "date": 1678225202, "price": 115048.99496678, "tid": 14821591, "type": "buy"}
{"amount": 0.01642, "date": 1678225202, "price": 115049.18729876, "tid": 14821592, "type": "buy"}
{"amount": 0.01623, "date": 1678225202, "price": 115049.56508996, "tid": 14821593, "type": "buy"}
{"amount": 0.01716, "date": 1678225202, "price": 115057.40733096, "tid": 14821594, "type": "buy"}
{"amount": 0.0166, "date": 1678225202, "price": 115057.56819936, "tid": 14821595, "type": "buy"}
{"amount": 0.01586, "date": 1678225202, "price": 115057.81072066, "tid": 14821596, "type": "buy"}
{"amount": 0.11489494, "date": 1678225202, "price": 115060, "tid": 14821597, "type": "buy"}
{"amount": 0.18417926, "date": 1678225202, "price": 114998.0034074, "tid": 14821598, "type": "sell"}
{"amount": 0.09117074, "date": 1678225202, "price": 114998, "tid": 14821599, "type": "sell"}
{"amount": 0.01716, "date": 1678225203, "price": 115048.81118682, "tid": 14821600, "type": "buy"}
{"amount": 0.0181, "date": 1678225203, "price": 115057.70956856, "tid": 14821601, "type": "buy"}
{"amount": 0.16349397, "date": 1678225203, "price": 115060, "tid": 14821602, "type": "buy"}
{"amount": 0.00028284, "date": 1678225203, "price": 115069.92, "tid": 14821603, "type": "buy"}
{"amount": 0.01511, "date": 1678225203, "price": 115317.30908662, "tid": 14821604, "type": "buy"}
{"amount": 0.00687347, "date": 1678225203, "price": 115317.39977024, "tid": 14821605, "type": "buy"}
{"amount": 0.01604, "date": 1678225204, "price": 115048.6337441, "tid": 14821606, "type": "buy"}
{"amount": 0.0166, "date": 1678225204, "price": 115057.5550374, "tid": 14821607, "type": "buy"}
{"amount": 0.00014617, "date": 1678225239, "price": 115194.16907489, "tid": 14821608, "type": "buy"}
{"amount": 0.00479724, "date": 1678225302, "price": 115207.26388718, "tid": 14821609, "type": "sell"}
{"amount": 1.456e-05, "date": 1678225305, "price": 115233.12927796, "tid": 14821610, "type": "buy"}
{"amount": 0.00085712, "date": 1678225334, "price": 115394.05934068, "tid": 14821611, "type": "buy"}
{"amount": 7.931e-05, "date": 1678225366, "price": 115234.74613202, "tid": 14821612, "type": "buy"}
{"amount": 0.00057822, "date": 1678225375, "price": 115260.12702194, "tid": 14821613, "type": "buy"}
{"amount": 3.577e-05, "date": 1678225407, "price": 115259.33160886, "tid": 14821614, "type": "buy"}
{"amount": 0.0185, "date": 1678225421, "price": 115271.41152946, "tid": 14821615, "type": "sell"}
{"amount": 0.0183, "date": 1678225421, "price": 115264.39907119, "tid": 14821616, "type": "sell"}
{"amount": 0.0101, "date": 1678225421, "price": 115258.07500506, "tid": 14821617, "type": "sell"}
{"amount": 0.0104, "date": 1678225421, "price": 115258.06893905, "tid": 14821618, "type": "sell"}
{"amount": 0.007555, "date": 1678225421, "price": 115068.38300629, "tid": 14821619, "type": "sell"}
{"amount": 0.007555, "date": 1678225421, "price": 115068.26748293, "tid": 14821620, "type": "sell"}
{"amount": 0.008955, "date": 1678225421, "price": 115068.2545456, "tid": 14821621, "type": "sell"}
{"amount": 0.00886, "date": 1678225421, "price": 115068.21039934, "tid": 14821622, "type": "sell"}
{"amount": 0.008115, "date": 1678225421, "price": 115068.13442942, "tid": 14821623, "type": "sell"}
{"amount": 0.0083, "date": 1678225421, "price": 115068.11975609, "tid": 14821624, "type": "sell"}
{"amount": 0.04336, "date": 1678225421, "price": 115068.09268828, "tid": 14821625, "type": "sell"}
{"amount": 0.00038206, "date": 1678225427, "price": 115228.3340327, "tid": 14821626, "type": "sell"}
{"amount": 1.725e-05, "date": 1678225445, "price": 115226.29600429, "tid": 14821627, "type": "buy"}
{"amount": 0.0092, "date": 1678225467, "price": 115205.68421001, "tid": 14821628, "type": "sell"}
{"amount": 0.00071438, "date": 1678225467, "price": 115205.68421, "tid": 14821629, "type": "sell"}
{"amount": 0.00085941, "date": 1678225487, "price": 115206.60487302, "tid": 14821630, "type": "buy"}
{"amount": 8.683e-05, "date": 1678225584, "price": 115166.40886732, "tid": 14821631, "type": "buy"}
{"amount": 0.0075, "date": 1678225613, "price": 115209.9631967, "tid": 14821632, "type": "buy"}
{"amount": 0.00260581, "date": 1678225732, "price": 115127.16488264, "tid": 14821633, "type": "buy"}
{"amount": 0.0071, "date": 1678225774, "price": 115147.24844926, "tid": 14821634, "type": "buy"}
{"amount": 0.0062, "date": 1678225774, "price": 115147.25925707, "tid": 14821635, "type": "buy"}
{"amount": 0.0121, "date": 1678225774, "price": 115198.82481, "tid": 14821636, "type": "buy"}
{"amount": 0.0127, "date": 1678225774, "price": 115198.86625512, "tid": 14821637, "type": "buy"}
{"amount": 0.0342, "date": 1678225774, "price": 115245.94887252, "tid": 14821638, "type": "buy"}
{"amount": 0.01492, "date": 1678225774, "price": 115320.76658162, "tid": 14821639, "type": "buy"}
{"amount": 0.0153, "date": 1678225774, "price": 115320.7824069, "tid": 14821640, "type": "buy"}
{"amount": 0.01828, "date": 1678225774, "price": 115320.86137856, "tid": 14821641, "type": "buy"}
{"amount": 0.00154125, "date": 1678225774, "price": 115320.93451848, "tid": 14821642, "type": "buy"}
{"amount": 0.0011, "date": 1678225853, "price": 115138.88697752, "tid": 14821643, "type": "buy"}
{"amount": 0.0011, "date": 1678225853, "price": 115213.68779855, "tid": 14821644, "type": "buy"}
{"amount": 0.01828, "date": 1678225853, "price": 115245.90010802, "tid": 14821645, "type": "buy"}
{"amount": 0.01604, "date": 1678225853, "price": 115245.9875938, "tid": 14821646, "type": "buy"}
{"amount": 0.0181, "date": 1678225853, "price": 115245.99882272, "tid": 14821647, "type": "buy"}
{"amount": 0.01791, "date": 1678225853, "price": 115248.11392296, "tid": 14821648, "type": "buy"}
{"amount": 0.00786559, "date": 1678225853, "price": 115248.16510836, "tid": 14821649, "type": "buy"}
{"amount": 0.0011, "date": 1678225904, "price": 115113.76332766, "tid": 14821650, "type": "buy"}
{"amount": 0.00560681, "date": 1678225904, "price": 115123.2643978, "tid": 14821651, "type": "buy"}
{"amount": 0.00055, "date": 1678225956, "price": 114999.65329181, "tid": 14821652, "type": "sell"}
{"amount": 0.00059608, "date": 1678225960, "price": 115095.95426679, "tid": 14821653, "type": "buy"}
{"amount": 0.0008691, "date": 1678225991, "price": 115142.02904659, "tid": 14821654, "type": "buy"}
{"amount": 0.00057812, "date": 1678226001, "price": 115133.39453487, "tid": 14821655, "type": "sell"}
{"amount": 0.00043388, "date": 1678226035, "price": 115238.3820774, "tid": 14821656, "type": "buy"}
{"amount": 8.547e-05, "date": 1678226051, "price": 114990.13110771, "tid": 14821657, "type": "sell"}
{"amount": 0.00174, "date": 1678226059, "price": 115126.74549254, "tid": 14821658, "type": "buy"}
{"amount": 0.0011, "date": 1678226093, "price": 115137.21458178, "tid": 14821659, "type": "buy"}
{"amount": 0.0011, "date": 1678226093, "price": 115211.84634439, "tid": 14821660, "type": "buy"}
{"amount": 0.00338595, "date": 1678226093, "price": 115235.01791792, "tid": 14821661, "type": "buy"}
{"amount": 4.212e-05, "date": 1678226094, "price": 115141.54860497, "tid": 14821662, "type": "buy"}
{"amount": 8.2e-05, "date": 1678226169, "price": 115095.31818164, "tid": 14821663, "type": "buy"}
{"amount": 7.644e-05, "date": 1678226188, "price": 115095.31818164, "tid": 14821664, "type": "buy"}
{"amount": 0.00021705, "date": 1678226239, "price": 115178.09982218, "tid": 14821665, "type": "buy"}
{"amount": 1e-05, "date": 1678226286, "price": 115144.89512251, "tid": 14821666, "type": "sell"}
{"amount": 1e-05, "date": 1678226345, "price": 115200, "tid": 14821667, "type": "buy"}
{"amount": 0.001, "date": 1678226345, "price": 115219.5136499, "tid": 14821668, "type": "buy"}
{"amount": 0.00070854, "date": 1678226345, "price": 115233.5742459, "tid": 14821669, "type": "buy"}
{"amount": 0.00046781, "date": 1678226424, "price": 115229.25809798, "tid": 14821670, "type": "buy"}
{"amount": 1e-05, "date": 1678226467, "price": 115235.41646191, "tid": 14821671, "type": "sell"}
{"amount": 0.00054433, "date": 1678226471, "price": 115235.41646192, "tid": 14821672, "type": "buy"}
{"amount": 1e-05, "date": 1678226518, "price": 115235.41646191, "tid": 14821673, "type": "sell"}
{"amount": 0.00018181, "date": 1678226526, "price": 115235.41646191, "tid": 14821674, "type": "sell"}
{"amount": 9.83e-06, "date": 1678226549, "price": 115234.34888072, "tid": 14821675, "type": "buy"}
{"amount": 5.241e-05, "date": 1678226576, "price": 115229.99999999, "tid": 14821676, "type": "buy"}
{"amount": 1e-05, "date": 1678226609, "price": 115230, "tid": 14821677, "type": "buy"}
{"amount": 0.0001, "date": 1678226609, "price": 115230, "tid": 14821678, "type": "buy"}
{"amount": 0.00074923, "date": 1678226609, "price": 115230.99574288, "tid": 14821679, "type": "buy"}
{"amount": 1.269e-05, "date": 1678226720, "price": 115000, "tid": 14821680, "type": "sell"}
{"amount": 1e-05, "date": 1678226720, "price": 115000, "tid": 14821681, "type": "sell"}
{"amount": 9.91e-06, "date": 1678226720, "price": 115000, "tid": 14821682, "type": "sell"}
{"amount": 8.2e-06, "date": 1678226720, "price": 114999.99, "tid": 14821683, "type": "sell"}
{"amount": 8.2e-06, "date": 1678226720, "price": 114999.9, "tid": 14821684, "type": "sell"}
{"amount": 8.2e-06, "date": 1678226720, "price": 114999, "tid": 14821685, "type": "sell"}
{"amount": 8.2e-06, "date": 1678226720, "price": 114990, "tid": 14821686, "type": "sell"}
{"amount": 5.597e-05, "date": 1678226720, "price": 114901.05, "tid": 14821687, "type": "sell"}
{"amount": 0.0045981, "date": 1678226730, "price": 114901.04004, "tid": 14821688, "type": "sell"}
{"amount": 8.2e-06, "date": 1678226730, "price": 114900, "tid": 14821689, "type": "sell"}
{"amount": 8.2e-06, "date": 1678226730, "price": 114899.99, "tid": 14821690, "type": "sell"}
{"amount": 8.2e-06, "date": 1678226730, "price": 114899.9, "tid": 14821691, "type": "sell"}
{"amount": 8.2e-06, "date": 1678226730, "price": 114899, "tid": 14821692, "type": "sell"}
{"amount": 8.2e-06, "date": 1678226730, "price": 114890, "tid": 14821693, "type": "sell"}
{"amount": 0.01698, "date": 1678226730, "price": 114856.16489157, "tid": 14821694, "type": "sell"}
{"amount": 0.01359179, "date": 1678226730, "price": 114856.16046628, "tid": 14821695, "type": "sell"}
{"amount": 0.00853006, "date": 1678226770, "price": 114912.88968793, "tid": 14821696, "type": "sell"}
{"amount": 0.00025784, "date": 1678226790, "price": 114913.34326488, "tid": 14821697, "type": "buy"}
{"amount": 1.51e-05, "date": 1678226818, "price": 114944.15121828, "tid": 14821698, "type": "buy"}
{"amount": 0.00434651, "date": 1678226873, "price": 115034.64352638, "tid": 14821699, "type": "buy"}
{"amount": 0.0011, "date": 1678226901, "price": 114923.18663596, "tid": 14821700, "type": "buy"}
{"amount": 0.0011, "date": 1678226901, "price": 114923.18664446, "tid": 14821701, "type": "buy"}
{"amount": 0.001, "date": 1678226901, "price": 114997.55656222, "tid": 14821702, "type": "buy"}
{"amount": 0.01642, "date": 1678226901, "price": 115007.12320056, "tid": 14821703, "type": "buy"}
{"amount": 0.01642, "date": 1678226901, "price": 115007.15714042, "tid": 14821704, "type": "buy"}
{"amount": 0.01735, "date": 1678226901, "price": 115007.2068027, "tid": 14821705, "type": "buy"}
{"amount": 0.0153, "date": 1678226901, "price": 115007.24019576, "tid": 14821706, "type": "buy"}
{"amount": 0.0181, "date": 1678226901, "price": 115007.25585512, "tid": 14821707, "type": "buy"}
{"amount": 0.01735, "date": 1678226901, "price": 115007.27602486, "tid": 14821708, "type": "buy"}
{"amount": 0.01642, "date": 1678226901, "price": 115007.29064926, "tid": 14821709, "type": "buy"}
{"amount": 0.0153, "date": 1678226901, "price": 115007.31435272, "tid": 14821710, "type": "buy"}
{"amount": 0.0166, "date": 1678226901, "price": 115007.34256656, "tid": 14821711, "type": "buy"}
{"amount": 0.01604, "date": 1678226901, "price": 115007.36304072, "tid": 14821712, "type": "buy"}
{"amount": 0.17491853, "date": 1678226901, "price": 115007.67869, "tid": 14821713, "type": "buy"}
{"amount": 8.2e-06, "date": 1678226906, "price": 114955.24418569, "tid": 14821714, "type": "buy"}
{"amount": 8.2e-06, "date": 1678226912, "price": 114931.73754722, "tid": 14821715, "type": "buy"}
{"amount": 0.00122525, "date": 1678226957, "price": 114937.32363498, "tid": 14821716, "type": "sell"}
{"amount": 0.00434961, "date": 1678227024, "price": 114952.63937, "tid": 14821717, "type": "buy"}
{"amount": 0.00034076, "date": 1678227049, "price": 115048.07089216, "tid": 14821718, "type": "buy"}
{"amount": 0.01821986, "date": 1678227053, "price": 115034.34719075, "tid": 14821719, "type": "sell"}
{"amount": 3.903e-05, "date": 1678227061, "price": 115021.61064705, "tid": 14821720, "type": "buy"}
{"amount": 0.00198481, "date": 1678227088, "price": 115028.07083878, "tid": 14821721, "type": "buy"}
{"amount": 0.00201665, "date": 1678227156, "price": 115042.18091989, "tid": 14821722, "type": "buy"}
{"amount": 0.00086897, "date": 1678227190, "price": 115077.95609, "tid": 14821723, "type": "buy"}
{"amount": 0.00172074, "date": 1678227190, "price": 115077.95609, "tid": 14821724, "type": "buy"}
{"amount": 0.00086957, "date": 1678227224, "price": 114998.30461681, "tid": 14821725, "type": "buy"}
{"amount": 0.0011, "date": 1678227261, "price": 115026.94686846, "tid": 14821726, "type": "buy"}
{"amount": 0.0011, "date": 1678227261, "price": 115094.71657131, "tid": 14821727, "type": "buy"}
{"amount": 0.0011, "date": 1678227261, "price": 115094.71657131, "tid": 14821728, "type": "buy"}
{"amount": 0.01567, "date": 1678227261, "price": 115094.71657132, "tid": 14821729, "type": "buy"}
{"amount": 0.0011, "date": 1678227261, "price": 115094.73217066, "tid": 14821730, "type": "buy"}
{"amount": 0.0011, "date": 1678227261, "price": 115094.73217067, "tid": 14821731, "type": "buy"}
{"amount": 0.01604, "date": 1678227261, "price": 115094.73217068, "tid": 14821732, "type": "buy"}
{"amount": 0.00232265, "date": 1678227261, "price": 115094.75508224, "tid": 14821733, "type": "buy"}
{"amount": 0.0177, "date": 1678227281, "price": 115010.34432532, "tid": 14821734, "type": "sell"}
{"amount": 0.02806145, "date": 1678227281, "price": 115010.34432532, "tid": 14821735, "type": "sell"}
{"amount": 0.00453858, "date": 1678227297, "price": 115010.34432532, "tid": 14821736, "type": "sell"}
{"amount": 0.00017388, "date": 1678227409, "price": 115018.7631678, "tid": 14821737, "type": "buy"}
{"amount": 0.0001902, "date": 1678227475, "price": 115083.67789752, "tid": 14821738, "type": "buy"}
{"amount": 0.0036745, "date": 1678227544, "price": 115055.65715783, "tid": 14821739, "type": "buy"}
{"amount": 0.00086054, "date": 1678227613, "price": 115055.31258301, "tid": 14821740, "type": "buy"}
{"amount": 0.00014836, "date": 1678227630, "price": 115055.31258298, "tid": 14821741, "type": "buy"}
{"amount": 8.691e-05, "date": 1678227641, "price": 115055.31258298, "tid": 14821742, "type": "buy"}
{"amount": 7.268e-05, "date": 1678227736, "price": 115068.24183455, "tid": 14821743, "type": "sell"}
{"amount": 0.0021509, "date": 1678227737, "price": 115079.7206604, "tid": 14821744, "type": "buy"}
{"amount": 0.01623, "date": 1678227808, "price": 115071.86411658, "tid": 14821745, "type": "buy"}
{"amount": 0.01392512, "date": 1678227808, "price": 115071.98598658, "tid": 14821746, "type": "buy"}
{"amount": 0.00017027, "date": 1678227829, "price": 115117.06262143, "tid": 14821747, "type": "buy"}
{"amount": 0.0095, "date": 1678227841, "price": 115079.97178536, "tid": 14821748, "type": "sell"}
{"amount": 0.00253001, "date": 1678227841, "price": 115079.97177573, "tid": 14821749, "type": "sell"}
{"amount": 0.00034145, "date": 1678227856, "price": 115078.5931623, "tid": 14821750, "type": "sell"}
{"amount": 0.001, "date": 1678227948, "price": 115151.64905064, "tid": 14821751, "type": "sell"}
{"amount": 8.367e-05, "date": 1678227988, "price": 115172.33501117, "tid": 14821752, "type": "sell"}
{"amount": 4.851e-05, "date": 1678228045, "price": 115215.38892658, "tid": 14821753, "type": "buy"}
{"amount": 0.00385234, "date": 1678228054, "price": 115208.07823392, "tid": 14821754, "type": "sell"}
{"amount": 1e-05, "date": 1678228090, "price": 115300, "tid": 14821755, "type": "buy"}
{"amount": 0.00432548, "date": 1678228090, "price": 115327.50571899, "tid": 14821756, "type": "buy"}
{"amount": 0.0067, "date": 1678228096, "price": 115327.50571894, "tid": 14821757, "type": "buy"}
{"amount": 0.0124, "date": 1678228096, "price": 115376.60228039, "tid": 14821758, "type": "buy"}
{"amount": 0.0181, "date": 1678228096, "price": 115391.68357034, "tid": 14821759, "type": "buy"}
{"amount": 0.0181, "date": 1678228096, "price": 115395.29284046, "tid": 14821760, "type": "buy"}
{"amount": 0.02355861, "date": 1678228096, "price": 115395.46639, "tid": 14821761, "type": "buy"}
{"amount": 0.0059, "date": 1678228148, "price": 115346.89818175, "tid": 14821762, "type": "buy"}
{"amount": 0.0027695, "date": 1678228148, "price": 115346.90198964, "tid": 14821763, "type": "buy"}
{"amount": 0.0049, "date": 1678228222, "price": 115385.33826329, "tid": 14821764, "type": "buy"}
{"amount": 0.00604418, "date": 1678228222, "price": 115400, "tid": 14821765, "type": "buy"}
{"amount": 0.0097, "date": 1678228222, "price": 115447.41741941, "tid": 14821766, "type": "buy"}
{"amount": 0.00664319, "date": 1678228222, "price": 115497.62075732, "tid": 14821767, "type": "buy"}
{"amount": 0.00412087, "date": 1678228256, "price": 115427.96524836, "tid": 14821768, "type": "buy"}
{"amount": 0.001, "date": 1678228326, "price": 115413.1055749, "tid": 14821769, "type": "sell"}
{"amount": 0.00086652, "date": 1678228358, "price": 115403.28461, "tid": 14821770, "type": "buy"}
{"amount": 0.001, "date": 1678228387, "price": 115388.95096132, "tid": 14821771, "type": "sell"}
{"amount": 0.00069305, "date": 1678228446, "price": 115431.10981734, "tid": 14821772, "type": "buy"}
{"amount": 0.001, "date": 1678228471, "price": 115401.32182377, "tid": 14821773, "type": "sell"}
{"amount": 0.08665222, "date": 1678228494, "price": 115392.99988, "tid": 14821774, "type": "buy"}
{"amount": 0.00257666, "date": 1678228540, "price": 115276.7113677, "tid": 14821775, "type": "buy"}
{"amount": 0.001, "date": 1678228551, "price": 115265.52536799, "tid": 14821776, "type": "sell"}
{"amount": 0.02114346, "date": 1678228592, "price": 115304.63682974, "tid": 14821777, "type": "sell"}
{"amount": 7.465e-05, "date": 1678228634, "price": 115329.77497859, "tid": 14821778, "type": "buy"}
{"amount": 0.001, "date": 1678228674, "price": 115296.06531658, "tid": 14821779, "type": "sell"}
{"amount": 0.00386281, "date": 1678228687, "price": 115342.07892139, "tid": 14821780, "type": "buy"}
{"amount": 0.00024529, "date": 1678228824, "price": 115413.30191431, "tid": 14821781, "type": "sell"}
{"amount": 1e-05, "date": 1678228853, "price": 115423.18003928, "tid": 14821782, "type": "sell"}
{"amount": 0.0053, "date": 1678228940, "price": 115434.30124159, "tid": 14821783, "type": "buy"}
{"amount": 0.00330228, "date": 1678228940, "price": 115434.50867579, "tid": 14821784, "type": "buy"}
{"amount": 0.0017316, "date": 1678229009, "price": 115499.99999999, "tid": 14821785, "type": "buy"}
{"amount": 0.00173184, "date": 1678229053, "price": 115483.68860318, "tid": 14821786, "type": "buy"}
{"amount": 0.00011031, "date": 1678229173, "price": 115500, "tid": 14821787, "type": "buy"}
{"amount": 1.68e-05, "date": 1678229354, "price": 115461.55434644, "tid": 14821788, "type": "buy"}
{"amount": 8.658e-05, "date": 1678229482, "price": 115500, "tid": 14821789, "type": "buy"}
{"amount": 1e-05, "date": 1678229571, "price": 115430.85486099, "tid": 14821790, "type": "sell"}
{"amount": 0.0012866, "date": 1678229589, "price": 115431.709699, "tid": 14821791, "type": "buy"}
{"amount": 0.02354762, "date": 1678229830, "price": 115371.17482, "tid": 14821792, "type": "sell"}
{"amount": 0.01698, "date": 1678229830, "price": 115233.85582046, "tid": 14821793, "type": "sell"}
{"amount": 0.00243277, "date": 1678229830, "price": 115233.82829398, "tid": 14821794, "type": "sell"}
{"amount": 2.264e-05, "date": 1678229868, "price": 115237.6100922, "tid": 14821795, "type": "sell"}
{"amount": 0.00956926, "date": 1678229938, "price": 115420.77020845, "tid": 14821796, "type": "sell"}
{"amount": 0.00085804, "date": 1678230096, "price": 115390.21889053, "tid": 14821797, "type": "buy"}
{"amount": 0.00041486, "date": 1678230156, "price": 115405.89148197, "tid": 14821798, "type": "buy"}
{"amount": 0.00432909, "date": 1678230201, "price": 115497.50593155, "tid": 14821799, "type": "buy"}
{"amount": 0.00025982, "date": 1678230217, "price": 115463.63324425, "tid": 14821800, "type": "buy"}
{"amount": 0.00012735, "date": 1678230285, "price": 115438.37377325, "tid": 14821801, "type": "buy"}
{"amount": 0.00073471, "date": 1678230288, "price": 115402.10780986, "tid": 14821802, "type": "sell"}
{"amount": 0.00048781, "date": 1678230361, "price": 115331.03145084, "tid": 14821803, "type": "buy"}
{"amount": 0.00146301, "date": 1678230390, "price": 115364.32596304, "tid": 14821804, "type": "buy"}
{"amount": 0.00086667, "date": 1678230416, "price": 115383.24567071, "tid": 14821805, "type": "buy"}
{"amount": 0.00090909, "date": 1678230620, "price": 115499.99999, "tid": 14821806, "type": "buy"}
{"amount": 3.151e-05, "date": 1678230656, "price": 115500, "tid": 14821807, "type": "buy"}
{"amount": 4.431e-05, "date": 1678230683, "price": 115475.63107153, "tid": 14821808, "type": "sell"}
{"amount": 0.00257168, "date": 1678230714, "price": 115500, "tid": 14821809, "type": "buy"}
{"amount": 0.00850995, "date": 1678230859, "price": 115499.99999999, "tid": 14821810, "type": "sell"}
{"amount": 0.04056803, "date": 1678230923, "price": 115500, "tid": 14821811, "type": "buy"}
{"amount": 1e-05, "date": 1678230923, "price": 115500, "tid": 14821812, "type": "buy"}
{"amount": 0.00271065, "date": 1678230923, "price": 115558, "tid": 14821813, "type": "buy"}
{"amount": 0.01735, "date": 1678230944, "price": 115502.40254202, "tid": 14821814, "type": "sell"}
{"amount": 0.0097, "date": 1678230944, "price": 115491.53175172, "tid": 14821815, "type": "sell"}
{"amount": 0.0202, "date": 1678230944, "price": 115491.3610987, "tid": 14821816, "type": "sell"}
{"amount": 0.0094, "date": 1678230944, "price": 115491.06900767, "tid": 14821817, "type": "sell"}
{"amount": 0.00979142, "date": 1678230944, "price": 115463.00515284, "tid": 14821818, "type": "sell"}
{"amount": 1.108e-05, "date": 1678231061, "price": 115536.88922985, "tid": 14821819, "type": "buy"}
{"amount": 1.629e-05, "date": 1678231099, "price": 115525.76371041, "tid": 14821820, "type": "buy"}
{"amount": 0.02491976, "date": 1678231121, "price": 115558.88, "tid": 14821821, "type": "buy"}
{"amount": 0.00019903, "date": 1678231146, "price": 115558.88, "tid": 14821822, "type": "buy"}
{"amount": 0.00097471, "date": 1678231150, "price": 115558.87999999, "tid": 14821823, "type": "sell"}
{"amount": 0.00190575, "date": 1678231162, "price": 115556.40567498, "tid": 14821824, "type": "sell"}
{"amount": 0.000121, "date": 1678231192, "price": 115535.73601188, "tid": 14821825, "type": "sell"}
{"amount": 6.057e-05, "date": 1678231194, "price": 115558.88, "tid": 14821826, "type": "buy"}
{"amount": 5.327e-05, "date": 1678231205, "price": 115558.87999999, "tid": 14821827, "type": "sell"}
{"amount": 0.01610931, "date": 1678231210, "price": 115555.73702, "tid": 14821828, "type": "sell"}
{"amount": 0.0093, "date": 1678231210, "price": 115538.5859531, "tid": 14821829, "type": "sell"}
{"amount": 0.00059069, "date": 1678231210, "price": 115538.5727741, "tid": 14821830, "type": "sell"}
{"amount": 0.00027839, "date": 1678231308, "price": 115518.89725539, "tid": 14821831, "type": "sell"}
{"amount": 0.00014554, "date": 1678231314, "price": 115558.88, "tid": 14821832, "type": "buy"}
{"amount": 8.653e-05, "date": 1678231315, "price": 115558.88, "tid": 14821833, "type": "buy"}
{"amount": 0.00010886, "date": 1678231342, "price": 115558.88, "tid": 14821834, "type": "buy"}
{"amount": 0.01031162, "date": 1678231368, "price": 115558.88, "tid": 14821835, "type": "buy"}
{"amount": 0.00015368, "date": 1678231449, "price": 115558.88, "tid": 14821836, "type": "buy"}
{"amount": 0.0092, "date": 1678231463, "price": 115506.82209115, "tid": 14821837, "type": "buy"}
{"amount": 0.01590502, "date": 1678231463, "price": 115506.82580347, "tid": 14821838, "type": "buy"}
{"amount": 0.0205, "date": 1678231464, "price": 115506.80244175, "tid": 14821839, "type": "buy"}
{"amount": 0.0086, "date": 1678231464, "price": 115506.81300605, "tid": 14821840, "type": "buy"}
{"amount": 0.0104, "date": 1678231464, "price": 115506.82210333, "tid": 14821841, "type": "buy"}
{"amount": 0.0039, "date": 1678231464, "price": 115506.82211617, "tid": 14821842, "type": "buy"}
{"amount": 0.0087, "date": 1678231468, "price": 115501.96295684, "tid": 14821843, "type": "buy"}
{"amount": 0.0099, "date": 1678231468, "price": 115501.98733452, "tid": 14821844, "type": "buy"}
{"amount": 0.0174, "date": 1678231468, "price": 115501.98733452, "tid": 14821845, "type": "buy"}
{"amount": 0.0332, "date": 1678231468, "price": 115501.98733452, "tid": 14821846, "type": "buy"}
{"amount": 0.0101, "date": 1678231468, "price": 115501.96295683, "tid": 14821847, "type": "buy"}
{"amount": 0.0201, "date": 1678231468, "price": 115501.96295684, "tid": 14821848, "type": "buy"}
{"amount": 0.0105, "date": 1678231468, "price": 115501.98733452, "tid": 14821849, "type": "buy"}
{"amount": 0.0176, "date": 1678231468, "price": 115504.9651971, "tid": 14821850, "type": "buy"}
{"amount": 0.0101, "date": 1678231468, "price": 115504.97145593, "tid": 14821851, "type": "buy"}
{"amount": 0.00662254, "date": 1678231468, "price": 115558.88, "tid": 14821852, "type": "buy"}
{"amount": 0.00109244, "date": 1678231559, "price": 115558.88, "tid": 14821853, "type": "buy"}
{"amount": 0.00106055, "date": 1678231564, "price": 115558.88, "tid": 14821854, "type": "buy"}
{"amount": 0.00028183, "date": 1678231601, "price": 115534.08914575, "tid": 14821855, "type": "sell"}
{"amount": 0.00015576, "date": 1678231608, "price": 115558.88, "tid": 14821856, "type": "buy"}
{"amount": 0.0033032, "date": 1678231646, "price": 115548.02139851, "tid": 14821857, "type": "sell"}
{"amount": 0.01513624, "date": 1678231649, "price": 115558.88, "tid": 14821858, "type": "buy"}
{"amount": 0.03750301, "date": 1678231669, "price": 115558.88, "tid": 14821859, "type": "buy"}
{"amount": 6.903e-05, "date": 1678231674, "price": 115599.56, "tid": 14821860, "type": "buy"}
{"amount": 0.00017811, "date": 1678231812, "price": 115599.56, "tid": 14821861, "type": "buy"}
{"amount": 2.344e-05, "date": 1678231834, "price": 115599.56, "tid": 14821862, "type": "buy"}
{"amount": 0.0103, "date": 1678231862, "price": 115599.55999999, "tid": 14821863, "type": "sell"}
{"amount": 0.00677353, "date": 1678231862, "price": 115599.55999999, "tid": 14821864, "type": "sell"}
{"amount": 0.00086505, "date": 1678231871, "price": 115599.56, "tid": 14821865, "type": "buy"}
{"amount": 0.09886437, "date": 1678231930, "price": 115599.56, "tid": 14821866, "type": "buy"}
{"amount": 1e-05, "date": 1678231949, "price": 115600, "tid": 14821867, "type": "buy"}
{"amount": 1e-05, "date": 1678231949, "price": 115700, "tid": 14821868, "type": "buy"}
{"amount": 0.0414737, "date": 1678231949, "price": 115748.13, "tid": 14821869, "type": "buy"}
{"amount": 0.01589072, "date": 1678231960, "price": 115748.13, "tid": 14821870, "type": "buy"}
{"amount": 0.00201901, "date": 1678231960, "price": 115748.13, "tid": 14821871, "type": "buy"}
{"amount": 0.09061657, "date": 1678231963, "price": 115748.13, "tid": 14821872, "type": "buy"}
{"amount": 1e-05, "date": 1678231963, "price": 115800, "tid": 14821873, "type": "buy"}
{"amount": 0.21671712, "date": 1678231963, "price": 115859.51911978, "tid": 14821874, "type": "buy"}
{"amount": 0.19280365, "date": 1678231965, "price": 115861, "tid": 14821875, "type": "buy"}
{"amount": 0.19264425, "date": 1678231965, "price": 115861, "tid": 14821876, "type": "buy"}
{"amount": 0.06130174, "date": 1678231976, "price": 115897.27999, "tid": 14821877, "type": "buy"}
{"amount": 0.00020346, "date": 1678231992, "price": 115897.28, "tid": 14821878, "type": "buy"}
{"amount": 0.09979654, "date": 1678232029, "price": 115897.28, "tid": 14821879, "type": "buy"}
{"amount": 1e-05, "date": 1678232029, "price": 115900, "tid": 14821880, "type": "buy"}
{"amount": 0.18467357, "date": 1678232029, "price": 115977, "tid": 14821881, "type": "buy"}
{"amount": 0.00140582, "date": 1678232033, "price": 115978, "tid": 14821882, "type": "buy"}
{"amount": 0.00017971, "date": 1678232059, "price": 115999.99354704, "tid": 14821883, "type": "buy"}
{"amount": 0.00043103, "date": 1678232148, "price": 115999.99354704, "tid": 14821884, "type": "buy"}
{"amount": 0.00793, "date": 1678232175, "price": 115999.99354703, "tid": 14821885, "type": "sell"}
{"amount": 0.0103, "date": 1678232175, "price": 115999.99354703, "tid": 14821886, "type": "sell"}
{"amount": 0.0207, "date": 1678232175, "price": 115999.99354703, "tid": 14821887, "type": "sell"}
{"amount": 0.0501, "date": 1678232175, "price": 115999.99354703, "tid": 14821888, "type": "sell"}
{"amount": 0.01096735, "date": 1678232175, "price": 115999.99354, "tid": 14821889, "type": "sell"}
{"amount": 0.0088, "date": 1678232182, "price": 115999.99354703, "tid": 14821890, "type": "sell"}
{"amount": 0.00025862, "date": 1678232185, "price": 115999.99354704, "tid": 14821891, "type": "buy"}
{"amount": 0.01593594, "date": 1678232202, "price": 115999.99999999, "tid": 14821892, "type": "sell"}
{"amount": 0.00076887, "date": 1678232216, "price": 116000, "tid": 14821893, "type": "buy"}
{"amount": 0.04241231, "date": 1678232261, "price": 116000, "tid": 14821894, "type": "buy"}
{"amount": 0.0011, "date": 1678232277, "price": 116037.33279001, "tid": 14821895, "type": "buy"}
{"amount": 0.0009, "date": 1678232277, "price": 116037.33279001, "tid": 14821896, "type": "buy"}
{"amount": 0.12801642, "date": 1678232277, "price": 116055, "tid": 14821897, "type": "buy"}
{"amount": 0.00733113, "date": 1678232372, "price": 116096.60562525, "tid": 14821898, "type": "sell"}
{"amount": 0.00141842, "date": 1678232407, "price": 116116.67440916, "tid": 14821899, "type": "buy"}
{"amount": 0.00029427, "date": 1678232455, "price": 116150, "tid": 14821900, "type": "buy"}
{"amount": 1.823e-05, "date": 1678232463, "price": 116149.99999999, "tid": 14821901, "type": "sell"}
{"amount": 2e-05, "date": 1678232487, "price": 116112.92188781, "tid": 14821902, "type": "sell"}
{"amount": 1.817e-05, "date": 1678232506, "price": 116099.27631336, "tid": 14821903, "type": "buy"}
{"amount": 4.306e-05, "date": 1678232522, "price": 116113.37801404, "tid": 14821904, "type": "buy"}
{"amount": 1e-05, "date": 1678232671, "price": 116091.51507097, "tid": 14821905, "type": "sell"}
{"amount": 0.00088074, "date": 1678232675, "price": 116092.42946051, "tid": 14821906, "type": "buy"}
{"amount": 7.52e-05, "date": 1678232754, "price": 116099.99999999, "tid": 14821907, "type": "buy"}
{"amount": 1e-05, "date": 1678232799, "price": 116100, "tid": 14821908, "type": "buy"}
{"amount": 0.00439963, "date": 1678232799, "price": 116109.39426674, "tid": 14821909, "type": "buy"}
{"amount": 0.00143417, "date": 1678232832, "price": 116073.7511231, "tid": 14821910, "type": "sell"}
{"amount": 7.609e-05, "date": 1678232938, "price": 116009.68126923, "tid": 14821911, "type": "buy"}
{"amount": 8.619e-05, "date": 1678232978, "price": 116010.33068763, "tid": 14821912, "type": "buy"}
{"amount": 0.00047318, "date": 1678233081, "price": 116009.64124487, "tid": 14821913, "type": "sell"}
{"amount": 0.00095913, "date": 1678233094, "price": 116042.51769045, "tid": 14821914, "type": "buy"}
{"amount": 0.001, "date": 1678233304, "price": 116037.45387883, "tid": 14821915, "type": "buy"}
{"amount": 0.00101597, "date": 1678233304, "price": 116107.31467706, "tid": 14821916, "type": "buy"}
{"amount": 0.0009, "date": 1678233396, "price": 115922.17077589, "tid": 14821917, "type": "buy"}
{"amount": 0.001, "date": 1678233396, "price": 115995.41000755, "tid": 14821918, "type": "buy"}
{"amount": 0.00151445, "date": 1678233396, "price": 116025, "tid": 14821919, "type": "buy"}
{"amount": 0.001, "date": 1678233439, "price": 115952.16773225, "tid": 14821920, "type": "buy"}
{"amount": 0.001, "date": 1678233439, "price": 116026.80096275, "tid": 14821921, "type": "buy"}
{"amount": 0.00226666, "date": 1678233439, "price": 116061, "tid": 14821922, "type": "buy"}
{"amount": 0.001, "date": 1678233447, "price": 115953.48926039, "tid": 14821923, "type": "buy"}
{"amount": 0.0011, "date": 1678233447, "price": 116028.35281232, "tid": 14821924, "type": "buy"}
{"amount": 0.01244692, "date": 1678233447, "price": 116054, "tid": 14821925, "type": "buy"}
{"amount": 3.961e-05, "date": 1678233465, "price": 115941.95053, "tid": 14821926, "type": "sell"}
{"amount": 1.511e-05, "date": 1678233497, "price": 115955.58755312, "tid": 14821927, "type": "sell"}
{"amount": 0.00083569, "date": 1678233714, "price": 116088.91409268, "tid": 14821928, "type": "sell"}
{"amount": 0.00017225, "date": 1678233792, "price": 116109.65999999, "tid": 14821929, "type": "buy"}
{"amount": 0.0152004, "date": 1678233834, "price": 116053.93935849, "tid": 14821930, "type": "buy"}
{"amount": 0.00022569, "date": 1678233841, "price": 116109.66, "tid": 14821931, "type": "buy"}
{"amount": 0.00031994, "date": 1678233841, "price": 116150, "tid": 14821932, "type": "buy"}
{"amount": 0.00016069, "date": 1678233842, "price": 116150, "tid": 14821933, "type": "buy"}
{"amount": 0.00053937, "date": 1678233842, "price": 116198.56996075, "tid": 14821934, "type": "buy"}
{"amount": 1e-05, "date": 1678233851, "price": 116200, "tid": 14821935, "type": "buy"}
{"amount": 7.433e-05, "date": 1678233851, "price": 116216.70443643, "tid": 14821936, "type": "buy"}
{"amount": 0.0011, "date": 1678233852, "price": 116216.70443642, "tid": 14821937, "type": "buy"}
{"amount": 1.035e-05, "date": 1678233852, "price": 116216.80536079, "tid": 14821938, "type": "buy"}
{"amount": 0.0009, "date": 1678233853, "price": 116265.92103852, "tid": 14821939, "type": "buy"}
{"amount": 1e-05, "date": 1678233853, "price": 116300, "tid": 14821940, "type": "buy"}
{"amount": 0.00020035, "date": 1678233853, "price": 116348.18057962, "tid": 14821941, "type": "buy"}
{"amount": 0.001, "date": 1678233857, "price": 116271.58037213, "tid": 14821942, "type": "buy"}
{"amount": 0.0010005, "date": 1678233861, "price": 116270.27237033, "tid": 14821943, "type": "buy"}
{"amount": 0.0001719, "date": 1678233942, "price": 116343.96592, "tid": 14821944, "type": "buy"}
{"amount": 0.00014042, "date": 1678233972, "price": 116279.01553823, "tid": 14821945, "type": "buy"}
{"amount": 0.00067447, "date": 1678234000, "price": 116250.16069255, "tid": 14821946, "type": "buy"}
{"amount": 0.00086075, "date": 1678234058, "price": 116177.51741303, "tid": 14821947, "type": "buy"}
{"amount": 0.01195653, "date": 1678234068, "price": 116167.17093547, "tid": 14821948, "type": "sell"}
{"amount": 0.00844419, "date": 1678234087, "price": 116081.80384906, "tid": 14821949, "type": "sell"}
{"amount": 0.00012921, "date": 1678234097, "price": 116090.01648417, "tid": 14821950, "type": "buy"}
{"amount": 0.0089, "date": 1678234257, "price": 116138.18200422, "tid": 14821951, "type": "sell"}
{"amount": 8.744e-05, "date": 1678234283, "price": 116195.01056773, "tid": 14821952, "type": "sell"}
{"amount": 0.00299697, "date": 1678234294, "price": 116178.3579648, "tid": 14821953, "type": "sell"}
{"amount": 0.00027383, "date": 1678234301, "price": 116187.98194992, "tid": 14821954, "type": "sell"}
{"amount": 0.0009, "date": 1678234351, "price": 116313.82424282, "tid": 14821955, "type": "buy"}
{"amount": 0.001, "date": 1678234351, "price": 116313.8315578, "tid": 14821956, "type": "buy"}
{"amount": 0.0011, "date": 1678234351, "price": 116313.83430459, "tid": 14821957, "type": "buy"}
{"amount": 0.01716, "date": 1678234351, "price": 116332.10119596, "tid": 14821958, "type": "buy"}
{"amount": 0.00133066, "date": 1678234351, "price": 116332.43927, "tid": 14821959, "type": "buy"}
{"amount": 0.001, "date": 1678234369, "price": 116248.72061507, "tid": 14821960, "type": "buy"}
{"amount": 0.0009, "date": 1678234369, "price": 116321.84298328, "tid": 14821961, "type": "buy"}
{"amount": 0.01698, "date": 1678234369, "price": 116331.46942188, "tid": 14821962, "type": "buy"}
{"amount": 0.00261109, "date": 1678234369, "price": 116331.91034754, "tid": 14821963, "type": "buy"}
{"amount": 0.00018422, "date": 1678234402, "price": 116258.11712653, "tid": 14821964, "type": "sell"}
{"amount": 0.00063312, "date": 1678234452, "price": 116241.14537621, "tid": 14821965, "type": "buy"}
{"amount": 0.001, "date": 1678234602, "price": 116162.24693621, "tid": 14821966, "type": "buy"}
{"amount": 0.00027833, "date": 1678234602, "price": 116235.91633613, "tid": 14821967, "type": "buy"}
{"amount": 0.01567, "date": 1678234676, "price": 116175.08834256, "tid": 14821968, "type": "sell"}
{"amount": 0.01567, "date": 1678234676, "price": 116174.92204482, "tid": 14821969, "type": "sell"}
{"amount": 0.045, "date": 1678234676, "price": 116173.81946402, "tid": 14821970, "type": "sell"}
{"amount": 0.0208, "date": 1678234676, "price": 116164.75690032, "tid": 14821971, "type": "sell"}
{"amount": 0.0087, "date": 1678234676, "price": 116158.59449783, "tid": 14821972, "type": "sell"}
{"amount": 0.06466818, "date": 1678234676, "price": 116038.04613, "tid": 14821973, "type": "sell"}
{"amount": 0.0153, "date": 1678234676, "price": 116038.04611529, "tid": 14821974, "type": "sell"}
{"amount": 0.0181, "date": 1678234676, "price": 116037.75660669, "tid": 14821975, "type": "sell"}
{"amount": 0.03045106, "date": 1678234676, "price": 116035.9355, "tid": 14821976, "type": "sell"}
{"amount": 0.01772, "date": 1678234676, "price": 115983.63636881, "tid": 14821977, "type": "sell"}
{"amount": 0.0153, "date": 1678234676, "price": 115983.62233681, "tid": 14821978, "type": "sell"}
{"amount": 0.01567, "date": 1678234676, "price": 115983.6033549, "tid": 14821979, "type": "sell"}
{"amount": 0.01772, "date": 1678234676, "price": 115983.56469144, "tid": 14821980, "type": "sell"}
{"amount": 0.01791, "date": 1678234676, "price": 115983.53047233, "tid": 14821981, "type": "sell"}
{"amount": 0.01323379, "date": 1678234676, "price": 115983.49807958, "tid": 14821982, "type": "sell"}
{"amount": 0.0088, "date": 1678234819, "price": 116100.90200544, "tid": 14821983, "type": "sell"}
{"amount": 0.01111849, "date": 1678234819, "price": 116086.58587811, "tid": 14821984, "type": "sell"}
{"amount": 0.0081, "date": 1678234960, "price": 116142.21826043, "tid": 14821985, "type": "buy"}
{"amount": 0.0083, "date": 1678234960, "price": 116142.26907912, "tid": 14821986, "type": "buy"}
{"amount": 0.0048504, "date": 1678234960, "price": 116142.27108708, "tid": 14821987, "type": "buy"}
{"amount": 8.968e-05, "date": 1678234984, "price": 116168.49150971, "tid": 14821988, "type": "buy"}
{"amount": 0.0071, "date": 1678235147, "price": 116186.57671674, "tid": 14821989, "type": "buy"}
{"amount": 0.0074, "date": 1678235147, "price": 116187.03334739, "tid": 14821990, "type": "buy"}
{"amount": 0.0123, "date": 1678235147, "price": 116236.44367733, "tid": 14821991, "type": "buy"}
{"amount": 0.0134, "date": 1678235147, "price": 116236.44367734, "tid": 14821992, "type": "buy"}
{"amount": 0.01328836, "date": 1678235147, "price": 116241.40718496, "tid": 14821993, "type": "buy"}
{"amount": 0.0022, "date": 1678235200, "price": 116220, "tid": 14821994, "type": "sell"}
{"amount": 6.89e-05, "date": 1678235242, "price": 116220, "tid": 14821995, "type": "sell"}
{"amount": 0.1248111, "date": 1678235336, "price": 116220, "tid": 14821996, "type": "sell"}
{"amount": 0.00021513, "date": 1678235339, "price": 116145.00000001, "tid": 14821997, "type": "sell"}
{"amount": 0.00073975, "date": 1678235403, "price": 116184.23520657, "tid": 14821998, "type": "sell"}
{"amount": 0.01, "date": 1678235439, "price": 116172.14352908, "tid": 14821999, "type": "sell"}
{"amount": 0.0102, "date": 1678235439, "price": 116172.14352908, "tid": 14822000, "type": "sell"}
{"amount": 0.00195784, "date": 1678235439, "price": 116172.14180494, "tid": 14822001, "type": "sell"}
{"amount": 0.00085197, "date": 1678235441, "price": 116212.48243999, "tid": 14822002, "type": "buy"}
{"amount": 0.00013343, "date": 1678235496, "price": 116178.14056643, "tid": 14822003, "type": "sell"}
{"amount": 0.0042283, "date": 1678235508, "price": 116230.82217327, "tid": 14822004, "type": "sell"}
{"amount": 0.00129046, "date": 1678235509, "price": 116237.4757029, "tid": 14822005, "type": "buy"}
{"amount": 6.551e-05, "date": 1678235515, "price": 116239.11023, "tid": 14822006, "type": "buy"}
{"amount": 9.89e-06, "date": 1678235549, "price": 116239.11023, "tid": 14822007, "type": "buy"}
{"amount": 0.00085214, "date": 1678235614, "price": 116189.80095986, "tid": 14822008, "type": "buy"}
{"amount": 4.26e-05, "date": 1678235699, "price": 116183.4836038, "tid": 14822009, "type": "sell"}
{"amount": 0.00172075, "date": 1678235714, "price": 116227.7810338, "tid": 14822010, "type": "buy"}
{"amount": 4.302e-05, "date": 1678235759, "price": 116216.11668545, "tid": 14822011, "type": "buy"}
{"amount": 0.00332303, "date": 1678236038, "price": 116162.93665984, "tid": 14822012, "type": "sell"}
{"amount": 0.00043036, "date": 1678236071, "price": 116180.90649672, "tid": 14822013, "type": "buy"}
{"amount": 0.00172143, "date": 1678236182, "price": 116182.04149725, "tid": 14822014, "type": "buy"}
{"amount": 0.0002982, "date": 1678236227, "price": 116159.54534427, "tid": 14822015, "type": "sell"}
{"amount": 0.00247143, "date": 1678236248, "price": 116178.86361513, "tid": 14822016, "type": "buy"}
{"amount": 0.00085213, "date": 1678236337, "price": 116190.13733166, "tid": 14822017, "type": "buy"}
{"amount": 0.00042176, "date": 1678236352, "price": 116189.72857968, "tid": 14822018, "type": "buy"}
{"amount": 0.01754, "date": 1678236384, "price": 116188.27198944, "tid": 14822019, "type": "buy"}
{"amount": 0.01698, "date": 1678236384, "price": 116188.4618629, "tid": 14822020, "type": "buy"}
{"amount": 0.00999144, "date": 1678236384, "price": 116191.18175756, "tid": 14822021, "type": "buy"}
{"amount": 0.0005423, "date": 1678236537, "price": 116145, "tid": 14822022, "type": "sell"}
{"amount": 8.6e-06, "date": 1678236556, "price": 116169.06197623, "tid": 14822023, "type": "buy"}
{"amount": 0.00031869, "date": 1678236561, "price": 116145, "tid": 14822024, "type": "sell"}
{"amount": 0.00015449, "date": 1678236561, "price": 116129.55276216, "tid": 14822025, "type": "sell"}
{"amount": 0.00194013, "date": 1678236595, "price": 116155.01050417, "tid": 14822026, "type": "buy"}
{"amount": 0.00086144, "date": 1678236675, "price": 116084.34724543, "tid": 14822027, "type": "buy"}
{"amount": 0.0062, "date": 1678236729, "price": 116081.96063431, "tid": 14822028, "type": "buy"}
{"amount": 0.00989708, "date": 1678236729, "price": 116136.44559144, "tid": 14822029, "type": "buy"}
{"amount": 1.085e-05, "date": 1678236876, "price": 116083, "tid": 14822030, "type": "buy"}
{"amount": 0.00087171, "date": 1678236964, "price": 116012.6544376, "tid": 14822031, "type": "sell"}
{"amount": 2.507e-05, "date": 1678237010, "price": 116083, "tid": 14822032, "type": "buy"}
{"amount": 0.00086138, "date": 1678237017, "price": 116083, "tid": 14822033, "type": "buy"}
{"amount": 0.0052, "date": 1678237017, "price": 116099.78030884, "tid": 14822034, "type": "buy"}
{"amount": 0.0110404, "date": 1678237017, "price": 116145.13995564, "tid": 14822035, "type": "buy"}
{"amount": 0.0097, "date": 1678237021, "price": 116062.65460215, "tid": 14822036, "type": "sell"}
{"amount": 0.00023, "date": 1678237021, "price": 116062.64820792, "tid": 14822037, "type": "sell"}
{"amount": 0.0096, "date": 1678237047, "price": 116088.25981963, "tid": 14822038, "type": "sell"}
{"amount": 0.0093, "date": 1678237047, "price": 116074.43792586, "tid": 14822039, "type": "sell"}
{"amount": 0.01567, "date": 1678237047, "price": 116056.42830927, "tid": 14822040, "type": "sell"}
{"amount": 0.009, "date": 1678237060, "price": 116084.05326307, "tid": 14822041, "type": "sell"}
{"amount": 0.0175, "date": 1678237060, "price": 116084.05326307, "tid": 14822042, "type": "sell"}
{"amount": 0.0175, "date": 1678237060, "price": 116084.05326307, "tid": 14822043, "type": "sell"}
{"amount": 0.0082607, "date": 1678237060, "price": 116084.05326306, "tid": 14822044, "type": "sell"}
{"amount": 0.00867499, "date": 1678237070, "price": 116084.05331, "tid": 14822045, "type": "sell"}
{"amount": 0.0020691, "date": 1678237120, "price": 116137.17002575, "tid": 14822046, "type": "buy"}
{"amount": 4.226e-05, "date": 1678237139, "price": 116137.17002575, "tid": 14822047, "type": "buy"}
{"amount": 0.00025309, "date": 1678237159, "price": 116175.5190638, "tid": 14822048, "type": "buy"}
{"amount": 0.00170449, "date": 1678237172, "price": 116175.23364424, "tid": 14822049, "type": "buy"}
{"amount": 0.00077509, "date": 1678237254, "price": 116134.56957837, "tid": 14822050, "type": "sell"}
{"amount": 0.00059061, "date": 1678237285, "price": 116161.99660836, "tid": 14822051, "type": "buy"}
{"amount": 0.00017786, "date": 1678237480, "price": 116036.80339, "tid": 14822052, "type": "sell"}
{"amount": 0.00052, "date": 1678237533, "price": 116078.41522359, "tid": 14822053, "type": "buy"}
{"amount": 0.00426487, "date": 1678237549, "price": 116076.04065895, "tid": 14822054, "type": "buy"}
{"amount": 0.0003, "date": 1678237623, "price": 115941.95, "tid": 14822055, "type": "sell"}
{"amount": 0.01637809, "date": 1678237623, "price": 115886.83659393, "tid": 14822056, "type": "sell"}
{"amount": 0.0015318, "date": 1678237677, "price": 115917.02301039, "tid": 14822057, "type": "sell"}
{"amount": 0.00038857, "date": 1678237702, "price": 115908.81892111, "tid": 14822058, "type": "sell"}
{"amount": 0.00021552, "date": 1678237816, "price": 115994.64822199, "tid": 14822059, "type": "buy"}
{"amount": 0.00043105, "date": 1678237967, "price": 115995.07273487, "tid": 14822060, "type": "buy"}
{"amount": 8.196e-05, "date": 1678238002, "price": 115994.75440125, "tid": 14822061, "type": "buy"}
{"amount": 0.00128035, "date": 1678238029, "price": 115994.75440125, "tid": 14822062, "type": "buy"}
{"amount": 0.00613769, "date": 1678238031, "price": 115994.75440125, "tid": 14822063, "type": "buy"}
{"amount": 0.00032811, "date": 1678238031, "price": 115994.75440126, "tid": 14822064, "type": "buy"}
{"amount": 0.00141406, "date": 1678238105, "price": 116038.48387519, "tid": 14822065, "type": "buy"}
{"amount": 0.00047079, "date": 1678238204, "price": 116079, "tid": 14822066, "type": "buy"}
{"amount": 0.00039041, "date": 1678238204, "price": 116161.99, "tid": 14822067, "type": "buy"}
{"amount": 0.00114868, "date": 1678238272, "price": 116161.98999999, "tid": 14822068, "type": "sell"}
{"amount": 0.00107677, "date": 1678238333, "price": 116087.68127137, "tid": 14822069, "type": "buy"}
{"amount": 0.01772, "date": 1678238407, "price": 116024.66592286, "tid": 14822070, "type": "sell"}
{"amount": 0.01623, "date": 1678238407, "price": 115997.7430948, "tid": 14822071, "type": "sell"}
{"amount": 0.02154877, "date": 1678238407, "price": 115994.64005, "tid": 14822072, "type": "sell"}
{"amount": 0.00086139, "date": 1678238465, "price": 116090.77184542, "tid": 14822073, "type": "buy"}
{"amount": 0.00086968, "date": 1678238484, "price": 116122.19804329, "tid": 14822074, "type": "buy"}
{"amount": 0.00201624, "date": 1678238518, "price": 116121.57256742, "tid": 14822075, "type": "buy"}
{"amount": 0.0067, "date": 1678238723, "price": 116078.16672669, "tid": 14822076, "type": "buy"}
{"amount": 0.0152, "date": 1678238723, "price": 116125.86957642, "tid": 14822077, "type": "buy"}
{"amount": 0.0011048, "date": 1678238723, "price": 116159.1111302, "tid": 14822078, "type": "buy"}
{"amount": 0.00017822, "date": 1678238781, "price": 116056.46677848, "tid": 14822079, "type": "sell"}
{"amount": 0.0004956, "date": 1678238910, "price": 116063.38025736, "tid": 14822080, "type": "sell"}
{"amount": 0.00172379, "date": 1678238973, "price": 116022.78456063, "tid": 14822081, "type": "buy"}
{"amount": 3.194e-05, "date": 1678239015, "price": 115994.64000001, "tid": 14822082, "type": "sell"}
{"amount": 0.00085199, "date": 1678239229, "price": 116089.41615976, "tid": 14822083, "type": "buy"}
{"amount": 2.74e-05, "date": 1678239251, "price": 116111.43797875, "tid": 14822084, "type": "buy"}
{"amount": 0.00029627, "date": 1678239254, "price": 116076.11952731, "tid": 14822085, "type": "sell"}
{"amount": 0.00048247, "date": 1678239278, "price": 116084.71653268, "tid": 14822086, "type": "sell"}
{"amount": 0.00011123, "date": 1678239290, "price": 116154.80105987, "tid": 14822087, "type": "buy"}
{"amount": 0.01324865, "date": 1678239377, "price": 116093.19705, "tid": 14822088, "type": "sell"}
{"amount": 0.00469827, "date": 1678239377, "price": 116093.19700959, "tid": 14822089, "type": "sell"}
{"amount": 0.00011634, "date": 1678239406, "price": 116037.71, "tid": 14822090, "type": "sell"}
{"amount": 0.00010483, "date": 1678239406, "price": 115994.64, "tid": 14822091, "type": "sell"}
{"amount": 0.01503783, "date": 1678239406, "price": 115962.70781581, "tid": 14822092, "type": "sell"}
{"amount": 0.0091, "date": 1678239513, "price": 116005.8442328, "tid": 14822093, "type": "sell"}
{"amount": 0.01609476, "date": 1678239513, "price": 115995.67747553, "tid": 14822094, "type": "sell"}
{"amount": 0.00043089, "date": 1678239558, "price": 116037.95055035, "tid": 14822095, "type": "buy"}
{"amount": 0.00239803, "date": 1678239763, "price": 115924.50867922, "tid": 14822096, "type": "sell"}
{"amount": 0.00110715, "date": 1678239825, "price": 115898.37683827, "tid": 14822097, "type": "sell"}
{"amount": 0.00192051, "date": 1678239909, "price": 115864.04666429, "tid": 14822098, "type": "buy"}
{"amount": 0.00192711, "date": 1678239941, "price": 115847.49424299, "tid": 14822099, "type": "sell"}
{"amount": 0.00031706, "date": 1678239989, "price": 115889.398064, "tid": 14822100, "type": "buy"}
{"amount": 0.00043105, "date": 1678240035, "price": 115993.3657511, "tid": 14822101, "type": "buy"}
{"amount": 0.00012957, "date": 1678240174, "price": 115800.9339, "tid": 14822102, "type": "sell"}
{"amount": 0.00109044, "date": 1678240174, "price": 115800, "tid": 14822103, "type": "sell"}
{"amount": 0.0086, "date": 1678240227, "price": 115801.64165551, "tid": 14822104, "type": "sell"}
{"amount": 0.0088, "date": 1678240227, "price": 115801.54139611, "tid": 14822105, "type": "sell"}
{"amount": 0.00013952, "date": 1678240227, "price": 115800, "tid": 14822106, "type": "sell"}
{"amount": 0.00136374, "date": 1678240227, "price": 115782.52084647, "tid": 14822107, "type": "sell"}
{"amount": 0.0087, "date": 1678240239, "price": 115813.35917224, "tid": 14822108, "type": "sell"}
{"amount": 0.00025388, "date": 1678240257, "price": 115812.51166935, "tid": 14822109, "type": "buy"}
{"amount": 0.00431741, "date": 1678240290, "price": 115810.08938124, "tid": 14822110, "type": "buy"}
{"amount": 0.001, "date": 1678240331, "price": 115615.00005, "tid": 14822111, "type": "sell"}
{"amount": 0.00086432, "date": 1678240349, "price": 115697.1183338, "tid": 14822112, "type": "buy"}
{"amount": 0.00045746, "date": 1678240369, "price": 115693.11109012, "tid": 14822113, "type": "buy"}
{"amount": 0.00105826, "date": 1678240437, "price": 115679.6561889, "tid": 14822114, "type": "buy"}
{"amount": 8.645e-05, "date": 1678240474, "price": 115670.51508984, "tid": 14822115, "type": "buy"}
{"amount": 9.008e-05, "date": 1678240604, "price": 115666.07073308, "tid": 14822116, "type": "sell"}
{"amount": 0.00257005, "date": 1678240775, "price": 115688.64600865, "tid": 14822117, "type": "sell"}
{"amount": 0.00672995, "date": 1678240776, "price": 115688.64600865, "tid": 14822118, "type": "sell"}
{"amount": 0.01230973, "date": 1678240776, "price": 115670.92689001, "tid": 14822119, "type": "sell"}
{"amount": 0.0104, "date": 1678240782, "price": 115688.61069013, "tid": 14822120, "type": "sell"}
{"amount": 0.00085832, "date": 1678240782, "price": 115688.61034948, "tid": 14822121, "type": "sell"}
{"amount": 0.0017114, "date": 1678240848, "price": 115706.03776135, "tid": 14822122, "type": "buy"}
{"amount": 3.968e-05, "date": 1678240953, "price": 115659.93, "tid": 14822123, "type": "sell"}
{"amount": 0.00451048, "date": 1678240953, "price": 115626.66929, "tid": 14822124, "type": "sell"}
{"amount": 0.0087, "date": 1678240953, "price": 115615.00790505, "tid": 14822125, "type": "sell"}
{"amount": 0.21260693, "date": 1678240953, "price": 115615.00790504, "tid": 14822126, "type": "sell"}
{"amount": 0.02378311, "date": 1678240953, "price": 115615.00395252, "tid": 14822127, "type": "sell"}
{"amount": 0.00027429, "date": 1678240961, "price": 115697.02911344, "tid": 14822128, "type": "buy"}
{"amount": 0.00050837, "date": 1678241022, "price": 115673.70042482, "tid": 14822129, "type": "buy"}
{"amount": 0.0026, "date": 1678241049, "price": 115693.79900771, "tid": 14822130, "type": "buy"}
{"amount": 0.00043173, "date": 1678241187, "price": 115776.03472435, "tid": 14822131, "type": "buy"}
{"amount": 2.092e-05, "date": 1678241216, "price": 115897.35708862, "tid": 14822132, "type": "buy"}
{"amount": 0.0093, "date": 1678241258, "price": 115797.07984126, "tid": 14822133, "type": "buy"}
{"amount": 0.0102, "date": 1678241258, "price": 115797.09712276, "tid": 14822134, "type": "buy"}
{"amount": 0.0097, "date": 1678241258, "price": 115807.72111829, "tid": 14822135, "type": "buy"}
{"amount": 0.0202, "date": 1678241258, "price": 115833.98100478, "tid": 14822136, "type": "buy"}
{"amount": 0.0462, "date": 1678241258, "price": 115854.44683026, "tid": 14822137, "type": "buy"}
{"amount": 0.01567, "date": 1678241258, "price": 115854.44683027, "tid": 14822138, "type": "buy"}
{"amount": 0.01825908, "date": 1678241258, "price": 115897.35708862, "tid": 14822139, "type": "buy"}
{"amount": 0.01716, "date": 1678241258, "price": 115898.07008158, "tid": 14822140, "type": "buy"}
{"amount": 0.01567, "date": 1678241258, "price": 115902.67213652, "tid": 14822141, "type": "buy"}
{"amount": 0.016217, "date": 1678241258, "price": 115902.78255074, "tid": 14822142, "type": "buy"}
{"amount": 9.05e-06, "date": 1678241274, "price": 115783.89730693, "tid": 14822143, "type": "sell"}
{"amount": 0.0097, "date": 1678241298, "price": 115794.51150536, "tid": 14822144, "type": "sell"}
{"amount": 0.0093, "date": 1678241298, "price": 115794.43759698, "tid": 14822145, "type": "sell"}
{"amount": 0.00085478, "date": 1678241390, "price": 115830.50164343, "tid": 14822146, "type": "buy"}
{"amount": 0.0102, "date": 1678241407, "price": 115796.97624494, "tid": 14822147, "type": "sell"}
{"amount": 0.0087, "date": 1678241407, "price": 115794.58804678, "tid": 14822148, "type": "sell"}
{"amount": 0.0088, "date": 1678241407, "price": 115794.47592671, "tid": 14822149, "type": "sell"}
{"amount": 0.0186, "date": 1678241407, "price": 115783.26124517, "tid": 14822150, "type": "sell"}
{"amount": 0.0173, "date": 1678241407, "price": 115780.76053556, "tid": 14822151, "type": "sell"}
{"amount": 0.03693894, "date": 1678241407, "price": 115768.49275693, "tid": 14822152, "type": "sell"}
{"amount": 0.00085509, "date": 1678241611, "price": 115788.71444133, "tid": 14822153, "type": "buy"}
{"amount": 0.00035974, "date": 1678241614, "price": 115788.71444133, "tid": 14822154, "type": "buy"}
{"amount": 0.00586783, "date": 1678241632, "price": 115748.19572, "tid": 14822155, "type": "sell"}
{"amount": 0.0166, "date": 1678241632, "price": 115713.45695063, "tid": 14822156, "type": "sell"}
{"amount": 0.00374193, "date": 1678241632, "price": 115713.31930082, "tid": 14822157, "type": "sell"}
{"amount": 0.00431856, "date": 1678241784, "price": 115779.15314066, "tid": 14822158, "type": "buy"}
{"amount": 0.00013, "date": 1678242031, "price": 115735.5693839, "tid": 14822159, "type": "buy"}
{"amount": 3.723e-05, "date": 1678242435, "price": 115763.2867066, "tid": 14822160, "type": "buy"}
{"amount": 0.00015816, "date": 1678242482, "price": 115703.34521969, "tid": 14822161, "type": "sell"}
{"amount": 0.00200213, "date": 1678242512, "price": 115714.40592, "tid": 14822162, "type": "sell"}
{"amount": 8.63e-06, "date": 1678242616, "price": 115783.2838494, "tid": 14822163, "type": "buy"}
{"amount": 0.0079, "date": 1678242679, "price": 115743.43686078, "tid": 14822164, "type": "sell"}
{"amount": 0.0145, "date": 1678242679, "price": 115698.33698536, "tid": 14822165, "type": "sell"}
{"amount": 0.01511, "date": 1678242679, "price": 115690.33417443, "tid": 14822166, "type": "sell"}
{"amount": 0.01642, "date": 1678242679, "price": 115690.22754632, "tid": 14822167, "type": "sell"}
{"amount": 0.01548, "date": 1678242679, "price": 115690.17439817, "tid": 14822168, "type": "sell"}
{"amount": 0.01511, "date": 1678242679, "price": 115690.14365405, "tid": 14822169, "type": "sell"}
{"amount": 0.01511, "date": 1678242679, "price": 115690.08798856, "tid": 14822170, "type": "sell"}
{"amount": 0.01698, "date": 1678242679, "price": 115690.04746222, "tid": 14822171, "type": "sell"}
{"amount": 0.01567, "date": 1678242679, "price": 115690.04094074, "tid": 14822172, "type": "sell"}
{"amount": 0.01772, "date": 1678242679, "price": 115689.99030297, "tid": 14822173, "type": "sell"}
{"amount": 0.01772, "date": 1678242679, "price": 115689.98665089, "tid": 14822174, "type": "sell"}
{"amount": 0.01791, "date": 1678242679, "price": 115689.9558948, "tid": 14822175, "type": "sell"}
{"amount": 0.01772, "date": 1678242679, "price": 115689.93100722, "tid": 14822176, "type": "sell"}
{"amount": 0.0166, "date": 1678242679, "price": 115689.80240711, "tid": 14822177, "type": "sell"}
{"amount": 0.01772, "date": 1678242679, "price": 115689.62492969, "tid": 14822178, "type": "sell"}
{"amount": 0.01866, "date": 1678242679, "price": 115689.30499, "tid": 14822179, "type": "sell"}
{"amount": 0.01828, "date": 1678242679, "price": 115678.17443446, "tid": 14822180, "type": "sell"}
{"amount": 0.15592, "date": 1678242679, "price": 115678.01, "tid": 14822181, "type": "sell"}
{"amount": 0.04408, "date": 1678242679, "price": 115678.01, "tid": 14822182, "type": "sell"}
{"amount": 0.588, "date": 1678242679, "price": 115678, "tid": 14822183, "type": "sell"}
{"amount": 0.03213287, "date": 1678242679, "price": 115664.6443575, "tid": 14822184, "type": "sell"}
{"amount": 0.00229257, "date": 1678242712, "price": 115716.67589001, "tid": 14822185, "type": "sell"}
{"amount": 0.00015977, "date": 1678242754, "price": 115712.88053001, "tid": 14822186, "type": "sell"}
