{"amount": 0.0072, "date": 1680798123, "price": 143510.10368999, "tid": 14992547, "type": "sell"}
{"amount": 0.0003282, "date": 1680798123, "price": 143504.46261292, "tid": 14992548, "type": "sell"}
{"amount": 0.00029309, "date": 1680798141, "price": 143505.84719621, "tid": 14992549, "type": "sell"}
{"amount": 0.00070571, "date": 1680798168, "price": 143450.41206233, "tid": 14992550, "type": "sell"}
{"amount": 0.00207004, "date": 1680798171, "price": 143489.34112341, "tid": 14992551, "type": "buy"}
{"amount": 0.0052, "date": 1680798196, "price": 143463.80349307, "tid": 14992552, "type": "buy"}
{"amount": 2.779e-05, "date": 1680798196, "price": 143464.36427268, "tid": 14992553, "type": "buy"}
{"amount": 0.00759, "date": 1680798217, "price": 143449.2810816, "tid": 14992554, "type": "sell"}
{"amount": 0.00703893, "date": 1680798217, "price": 143448.35642889, "tid": 14992555, "type": "sell"}
{"amount": 0.01456937, "date": 1680798273, "price": 143453.12355941, "tid": 14992556, "type": "sell"}
{"amount": 0.00181204, "date": 1680798282, "price": 143484.54363359, "tid": 14992557, "type": "buy"}
{"amount": 0.00040426, "date": 1680798298, "price": 143470.79182277, "tid": 14992558, "type": "buy"}
{"amount": 1.725e-05, "date": 1680798307, "price": 143448.42164369, "tid": 14992559, "type": "sell"}
{"amount": 0.003312, "date": 1680798338, "price": 143446.3860103, "tid": 14992560, "type": "sell"}
{"amount": 0.00295999, "date": 1680798350, "price": 143446.46519969, "tid": 14992561, "type": "sell"}
{"amount": 0.00454001, "date": 1680798351, "price": 143446.46519969, "tid": 14992562, "type": "sell"}
{"amount": 0.00137999, "date": 1680798351, "price": 143445.92251938, "tid": 14992563, "type": "sell"}
{"amount": 0.00531001, "date": 1680798353, "price": 143445.92251938, "tid": 14992564, "type": "sell"}
{"amount": 0.0075, "date": 1680798445, "price": 143445.3612063, "tid": 14992565, "type": "sell"}
{"amount": 0.0069, "date": 1680798445, "price": 143444.72303288, "tid": 14992566, "type": "sell"}
{"amount": 0.00742, "date": 1680798445, "price": 143442.9389423, "tid": 14992567, "type": "sell"}
{"amount": 0.00708, "date": 1680798445, "price": 143440.40488149, "tid": 14992568, "type": "sell"}
{"amount": 0.00759, "date": 1680798445, "price": 143440.3070593, "tid": 14992569, "type": "sell"}
{"amount": 0.00827, "date": 1680798445, "price": 143440.0089345, "tid": 14992570, "type": "sell"}
{"amount": 0.00708, "date": 1680798445, "price": 143439.4778997, "tid": 14992571, "type": "sell"}
{"amount": 0.00699, "date": 1680798445, "price": 143439.46159599, "tid": 14992572, "type": "sell"}
{"amount": 0.00793, "date": 1680798445, "price": 143437.9686429, "tid": 14992573, "type": "sell"}
{"amount": 0.00835, "date": 1680798445, "price": 143437.71710009, "tid": 14992574, "type": "sell"}
{"amount": 0.00793, "date": 1680798445, "price": 143437.1255087, "tid": 14992575, "type": "sell"}
{"amount": 0.00539, "date": 1680798445, "price": 143436.9997373, "tid": 14992576, "type": "sell"}
{"amount": 0.00742, "date": 1680798447, "price": 143447.19187888, "tid": 14992577, "type": "sell"}
{"amount": 0.00733, "date": 1680798447, "price": 143441.7511013, "tid": 14992578, "type": "sell"}
{"amount": 0.0075, "date": 1680798447, "price": 143435.7723016, "tid": 14992579, "type": "sell"}
{"amount": 0.06618, "date": 1680798447, "price": 143431.16, "tid": 14992580, "type": "sell"}
{"amount": 0.00259423, "date": 1680798465, "price": 143436.98573388, "tid": 14992581, "type": "sell"}
{"amount": 0.00497685, "date": 1680798501, "price": 143442.3491718, "tid": 14992582, "type": "sell"}
{"amount": 0.00899926, "date": 1680798549, "price": 143445.06, "tid": 14992583, "type": "buy"}
{"amount": 0.0081, "date": 1680798559, "price": 143452.36333759, "tid": 14992584, "type": "sell"}
{"amount": 0.00138038, "date": 1680798565, "price": 143452.31, "tid": 14992585, "type": "buy"}
{"amount": 0.00013858, "date": 1680798583, "price": 143452.31, "tid": 14992586, "type": "buy"}
{"amount": 0.00697085, "date": 1680798605, "price": 143454.36, "tid": 14992587, "type": "buy"}
{"amount": 0.0082, "date": 1680798620, "price": 143455.67820158, "tid": 14992588, "type": "sell"}
{"amount": 0.0078, "date": 1680798620, "price": 143455.29552977, "tid": 14992589, "type": "sell"}
{"amount": 0.003805, "date": 1680798620, "price": 143455.29552977, "tid": 14992590, "type": "sell"}
{"amount": 0.00110902, "date": 1680798690, "price": 143458.95999999, "tid": 14992591, "type": "sell"}
{"amount": 0.00034851, "date": 1680798699, "price": 143465.3254308, "tid": 14992592, "type": "buy"}
{"amount": 0.00034854, "date": 1680798726, "price": 143454.1426396, "tid": 14992593, "type": "buy"}
{"amount": 0.00077986, "date": 1680798734, "price": 143457.52293373, "tid": 14992594, "type": "sell"}
{"amount": 0.00138022, "date": 1680798739, "price": 143469.37664, "tid": 14992595, "type": "buy"}
{"amount": 0.02511276, "date": 1680798878, "price": 143431.16, "tid": 14992596, "type": "sell"}
{"amount": 0.00115093, "date": 1680798900, "price": 143431.16, "tid": 14992597, "type": "sell"}
{"amount": 0.0071, "date": 1680798900, "price": 143339.95951174, "tid": 14992598, "type": "sell"}
{"amount": 0.0169, "date": 1680798900, "price": 143320.2027767, "tid": 14992599, "type": "sell"}
{"amount": 0.0061992, "date": 1680798900, "price": 143320.20277669, "tid": 14992600, "type": "sell"}
{"amount": 0.00059296, "date": 1680798976, "price": 143353.9808234, "tid": 14992601, "type": "buy"}
{"amount": 0.00069063, "date": 1680798986, "price": 143360.35, "tid": 14992602, "type": "buy"}
{"amount": 0.00124946, "date": 1680798992, "price": 143360.34999999, "tid": 14992603, "type": "sell"}
{"amount": 3.383e-05, "date": 1680799059, "price": 143360.35, "tid": 14992604, "type": "buy"}
{"amount": 0.00152746, "date": 1680799099, "price": 143319.78419886, "tid": 14992605, "type": "sell"}
{"amount": 0.00209262, "date": 1680799102, "price": 143360.35, "tid": 14992606, "type": "buy"}
{"amount": 0.00298405, "date": 1680799109, "price": 143329.49524135, "tid": 14992607, "type": "sell"}
{"amount": 0.0068, "date": 1680799161, "price": 143354.92637295, "tid": 14992608, "type": "sell"}
{"amount": 0.0062697, "date": 1680799161, "price": 143354.0340734, "tid": 14992609, "type": "sell"}
{"amount": 0.00069063, "date": 1680799182, "price": 143360.35, "tid": 14992610, "type": "buy"}
{"amount": 0.00014653, "date": 1680799238, "price": 143331.77668429, "tid": 14992611, "type": "sell"}
{"amount": 0.00296974, "date": 1680799318, "price": 143360.35, "tid": 14992612, "type": "buy"}
{"amount": 0.0002401, "date": 1680799346, "price": 143360.34999999, "tid": 14992613, "type": "sell"}
{"amount": 0.00020929, "date": 1680799347, "price": 143360.34999999, "tid": 14992614, "type": "sell"}
{"amount": 0.00585061, "date": 1680799363, "price": 143360.34999999, "tid": 14992615, "type": "sell"}
{"amount": 0.00126532, "date": 1680799363, "price": 143354.2947772, "tid": 14992616, "type": "sell"}
{"amount": 0.00011895, "date": 1680799398, "price": 143360.35, "tid": 14992617, "type": "buy"}
{"amount": 0.00069754, "date": 1680799405, "price": 143360.35, "tid": 14992618, "type": "buy"}
{"amount": 3.453e-05, "date": 1680799410, "price": 143344.17174106, "tid": 14992619, "type": "sell"}
{"amount": 0.006, "date": 1680799509, "price": 143228.16142213, "tid": 14992620, "type": "sell"}
{"amount": 0.0058, "date": 1680799509, "price": 143227.89132918, "tid": 14992621, "type": "sell"}
{"amount": 0.002102, "date": 1680799509, "price": 143226.54750047, "tid": 14992622, "type": "sell"}
{"amount": 0.0053, "date": 1680799536, "price": 143220.08305118, "tid": 14992623, "type": "sell"}
{"amount": 0.0104, "date": 1680799536, "price": 143170.92083357, "tid": 14992624, "type": "sell"}
{"amount": 0.00669, "date": 1680799536, "price": 143170.92083356, "tid": 14992625, "type": "sell"}
{"amount": 0.00537692, "date": 1680799536, "price": 143123.69328987, "tid": 14992626, "type": "sell"}
{"amount": 0.00034332, "date": 1680799541, "price": 143278.49999999, "tid": 14992627, "type": "buy"}
{"amount": 6.77e-06, "date": 1680799545, "price": 143278.49999998, "tid": 14992628, "type": "buy"}
{"amount": 0.00256159, "date": 1680799643, "price": 143179.62063977, "tid": 14992629, "type": "sell"}
{"amount": 0.00419003, "date": 1680799666, "price": 143196.86, "tid": 14992630, "type": "buy"}
{"amount": 0.00138285, "date": 1680799692, "price": 143196.86, "tid": 14992631, "type": "buy"}
{"amount": 0.000701, "date": 1680799753, "price": 143197, "tid": 14992632, "type": "buy"}
{"amount": 0.0003361, "date": 1680799753, "price": 143211.43156619, "tid": 14992633, "type": "buy"}
{"amount": 0.00693392, "date": 1680799840, "price": 143208.9799384, "tid": 14992634, "type": "buy"}
{"amount": 0.00069118, "date": 1680799854, "price": 143246.2896692, "tid": 14992635, "type": "buy"}
{"amount": 0.00614389, "date": 1680799885, "price": 143231.53599881, "tid": 14992636, "type": "buy"}
{"amount": 0.00250801, "date": 1680799905, "price": 143180.50172684, "tid": 14992637, "type": "sell"}
{"amount": 0.00051323, "date": 1680799936, "price": 143224.0150651, "tid": 14992638, "type": "buy"}
{"amount": 0.01185378, "date": 1680799960, "price": 143165.79, "tid": 14992639, "type": "sell"}
{"amount": 0.0077, "date": 1680799980, "price": 143198.98862818, "tid": 14992640, "type": "buy"}
{"amount": 0.0073, "date": 1680799980, "price": 143199.01547014, "tid": 14992641, "type": "buy"}
{"amount": 0.00028212, "date": 1680799980, "price": 143198.98862817, "tid": 14992642, "type": "buy"}
{"amount": 0.00751788, "date": 1680799982, "price": 143198.98862817, "tid": 14992643, "type": "buy"}
{"amount": 0.00748212, "date": 1680799982, "price": 143198.98862817, "tid": 14992644, "type": "buy"}
{"amount": 6.983e-05, "date": 1680800002, "price": 143195.18359635, "tid": 14992645, "type": "buy"}
{"amount": 0.00773017, "date": 1680800013, "price": 143195.18359635, "tid": 14992646, "type": "buy"}
{"amount": 0.00424, "date": 1680800013, "price": 143204.92760733, "tid": 14992647, "type": "buy"}
{"amount": 0.0145, "date": 1680800013, "price": 143208.29878194, "tid": 14992648, "type": "buy"}
{"amount": 0.00449, "date": 1680800013, "price": 143237.50825655, "tid": 14992649, "type": "buy"}
{"amount": 0.00232221, "date": 1680800013, "price": 143238.80495336, "tid": 14992650, "type": "buy"}
{"amount": 2.905e-05, "date": 1680800022, "price": 143218.58733903, "tid": 14992651, "type": "buy"}
{"amount": 0.00493, "date": 1680800175, "price": 143051.0396665, "tid": 14992652, "type": "buy"}
{"amount": 7.198e-05, "date": 1680800180, "price": 143032.42508536, "tid": 14992653, "type": "buy"}
{"amount": 7.626e-05, "date": 1680800181, "price": 143032.42508536, "tid": 14992654, "type": "buy"}
{"amount": 0.00723, "date": 1680800183, "price": 143012.71682992, "tid": 14992655, "type": "sell"}
{"amount": 0.00653, "date": 1680800183, "price": 143004.32915534, "tid": 14992656, "type": "sell"}
{"amount": 0.0079, "date": 1680800183, "price": 142989.98147779, "tid": 14992657, "type": "sell"}
{"amount": 0.0084, "date": 1680800183, "price": 142988.15537528, "tid": 14992658, "type": "sell"}
{"amount": 0.00558946, "date": 1680800183, "price": 142985.034557, "tid": 14992659, "type": "sell"}
{"amount": 0.00034253, "date": 1680800193, "price": 143066.54709196, "tid": 14992660, "type": "buy"}
{"amount": 0.0073, "date": 1680800342, "price": 142896.4509196, "tid": 14992661, "type": "sell"}
{"amount": 0.0079, "date": 1680800342, "price": 142896.371601, "tid": 14992662, "type": "sell"}
{"amount": 0.00688, "date": 1680800342, "price": 142877.58177426, "tid": 14992663, "type": "sell"}
{"amount": 0.00605, "date": 1680800342, "price": 142876.78056386, "tid": 14992664, "type": "sell"}
{"amount": 0.00673, "date": 1680800342, "price": 142876.47079356, "tid": 14992665, "type": "sell"}
{"amount": 0.006846, "date": 1680800342, "price": 142874.89632197, "tid": 14992666, "type": "sell"}
{"amount": 0.00069261, "date": 1680800352, "price": 142951.84320952, "tid": 14992667, "type": "buy"}
{"amount": 0.00145439, "date": 1680800368, "price": 142960.55, "tid": 14992668, "type": "buy"}
{"amount": 0.00747227, "date": 1680800378, "price": 142960.55, "tid": 14992669, "type": "buy"}
{"amount": 1.696e-05, "date": 1680800390, "price": 142936.30246001, "tid": 14992670, "type": "buy"}
{"amount": 0.00555199, "date": 1680800425, "price": 142960.55, "tid": 14992671, "type": "buy"}
{"amount": 0.00555199, "date": 1680800429, "price": 142960.55, "tid": 14992672, "type": "buy"}
{"amount": 0.0078, "date": 1680800498, "price": 142935.88086089, "tid": 14992673, "type": "buy"}
{"amount": 0.00160161, "date": 1680800498, "price": 142944.13691683, "tid": 14992674, "type": "buy"}
{"amount": 0.00047464, "date": 1680800503, "price": 142891.38536666, "tid": 14992675, "type": "sell"}
{"amount": 0.00027607, "date": 1680800563, "price": 142863.22192872, "tid": 14992676, "type": "sell"}
{"amount": 0.00148515, "date": 1680800644, "price": 142926.7202962, "tid": 14992677, "type": "sell"}
{"amount": 0.00502127, "date": 1680800674, "price": 142937.32661467, "tid": 14992678, "type": "buy"}
{"amount": 0.00502127, "date": 1680800675, "price": 142944.7, "tid": 14992679, "type": "buy"}
{"amount": 0.0067, "date": 1680800722, "price": 142944.69999999, "tid": 14992680, "type": "sell"}
{"amount": 0.00362146, "date": 1680800722, "price": 142925.09000001, "tid": 14992681, "type": "sell"}
{"amount": 0.0067, "date": 1680800810, "price": 142944.69999999, "tid": 14992682, "type": "sell"}
{"amount": 0.00139933, "date": 1680800810, "price": 142925.09, "tid": 14992683, "type": "sell"}
{"amount": 0.00139934, "date": 1680800810, "price": 142924.09, "tid": 14992684, "type": "sell"}
{"amount": 0.00139934, "date": 1680800810, "price": 142924.09, "tid": 14992685, "type": "sell"}
{"amount": 0.00139934, "date": 1680800810, "price": 142924.09, "tid": 14992686, "type": "sell"}
{"amount": 0.0119, "date": 1680800810, "price": 142898.3557363, "tid": 14992687, "type": "sell"}
{"amount": 0.00658565, "date": 1680800810, "price": 142898.26548387, "tid": 14992688, "type": "sell"}
{"amount": 6.763e-05, "date": 1680800864, "price": 142944.69999999, "tid": 14992689, "type": "sell"}
{"amount": 0.00058033, "date": 1680800893, "price": 142944.7, "tid": 14992690, "type": "buy"}
{"amount": 0.00070678, "date": 1680800911, "price": 142944.69999999, "tid": 14992691, "type": "sell"}
{"amount": 0.00131327, "date": 1680800921, "price": 142940.44935208, "tid": 14992692, "type": "sell"}
{"amount": 0.00092986, "date": 1680800953, "price": 142999.99999999, "tid": 14992693, "type": "buy"}
{"amount": 0.0011037, "date": 1680800978, "price": 142982.45626978, "tid": 14992694, "type": "sell"}
{"amount": 0.00049505, "date": 1680801002, "price": 143000, "tid": 14992695, "type": "buy"}
{"amount": 0.00078549, "date": 1680801028, "price": 142999.99999999, "tid": 14992696, "type": "sell"}
{"amount": 0.00174825, "date": 1680801031, "price": 143000, "tid": 14992697, "type": "buy"}
{"amount": 0.00205999, "date": 1680801045, "price": 143000, "tid": 14992698, "type": "buy"}
{"amount": 0.00669671, "date": 1680801056, "price": 143000, "tid": 14992699, "type": "buy"}
{"amount": 0.0044, "date": 1680801056, "price": 143037.22318691, "tid": 14992700, "type": "buy"}
{"amount": 0.00514, "date": 1680801056, "price": 143039.22672971, "tid": 14992701, "type": "buy"}
{"amount": 0.01360329, "date": 1680801056, "price": 143044.96436927, "tid": 14992702, "type": "buy"}
{"amount": 0.0044, "date": 1680801060, "price": 143035.00759031, "tid": 14992703, "type": "buy"}
{"amount": 0.00547, "date": 1680801060, "price": 143044.96436924, "tid": 14992704, "type": "buy"}
{"amount": 0.00138435, "date": 1680801066, "price": 143041.80281103, "tid": 14992705, "type": "buy"}
{"amount": 0.0001905, "date": 1680801086, "price": 143004.98020129, "tid": 14992706, "type": "sell"}
{"amount": 0.0072, "date": 1680801114, "price": 143032.29003089, "tid": 14992707, "type": "buy"}
{"amount": 0.0084, "date": 1680801114, "price": 143032.29008629, "tid": 14992708, "type": "buy"}
{"amount": 0.0142, "date": 1680801114, "price": 143034.49470154, "tid": 14992709, "type": "buy"}
{"amount": 0.00236086, "date": 1680801114, "price": 143036.47, "tid": 14992710, "type": "buy"}
{"amount": 0.0071, "date": 1680801119, "price": 143031.215739, "tid": 14992711, "type": "buy"}
{"amount": 0.00458, "date": 1680801119, "price": 143032.6771552, "tid": 14992712, "type": "buy"}
{"amount": 0.00463, "date": 1680801119, "price": 143032.8112122, "tid": 14992713, "type": "buy"}
{"amount": 0.00463, "date": 1680801119, "price": 143033.108575, "tid": 14992714, "type": "buy"}
{"amount": 0.00417, "date": 1680801119, "price": 143033.596055, "tid": 14992715, "type": "buy"}
{"amount": 0.00278608, "date": 1680801119, "price": 143034.0884098, "tid": 14992716, "type": "buy"}
{"amount": 0.00428298, "date": 1680801126, "price": 143026.4764096, "tid": 14992717, "type": "buy"}
{"amount": 0.00012636, "date": 1680801127, "price": 142999.16728721, "tid": 14992718, "type": "sell"}
{"amount": 3.391e-05, "date": 1680801131, "price": 143019.934428, "tid": 14992719, "type": "buy"}
{"amount": 0.00346141, "date": 1680801142, "price": 143019.52250738, "tid": 14992720, "type": "buy"}
{"amount": 0.02204307, "date": 1680801142, "price": 143036.47, "tid": 14992721, "type": "buy"}
{"amount": 0.02204307, "date": 1680801145, "price": 143036.47, "tid": 14992722, "type": "buy"}
{"amount": 0.02082955, "date": 1680801146, "price": 143017.93, "tid": 14992723, "type": "buy"}
{"amount": 3.391e-05, "date": 1680801166, "price": 143001.35, "tid": 14992724, "type": "buy"}
{"amount": 3e-05, "date": 1680801168, "price": 143000.12, "tid": 14992725, "type": "sell"}
{"amount": 0.00239998, "date": 1680801174, "price": 143001.35, "tid": 14992726, "type": "buy"}
{"amount": 0.002155, "date": 1680801193, "price": 142992.06000001, "tid": 14992727, "type": "buy"}
{"amount": 0.000145, "date": 1680801193, "price": 142992.06000001, "tid": 14992728, "type": "buy"}
{"amount": 6.854e-05, "date": 1680801197, "price": 142992.06000001, "tid": 14992729, "type": "buy"}
{"amount": 0.00017697, "date": 1680801198, "price": 142992.06, "tid": 14992730, "type": "sell"}
{"amount": 0.00020679, "date": 1680801203, "price": 142992.04, "tid": 14992731, "type": "sell"}
{"amount": 0.00187673, "date": 1680801203, "price": 142983.43955851, "tid": 14992732, "type": "sell"}
{"amount": 0.0076, "date": 1680801204, "price": 142992.06, "tid": 14992733, "type": "buy"}
{"amount": 0.0072, "date": 1680801221, "price": 142976.42250554, "tid": 14992734, "type": "buy"}
{"amount": 0.0002, "date": 1680801221, "price": 142984.40447191, "tid": 14992735, "type": "buy"}
{"amount": 6.855e-05, "date": 1680801226, "price": 142967.64711002, "tid": 14992736, "type": "buy"}
{"amount": 0.0071, "date": 1680801236, "price": 142983.82000001, "tid": 14992737, "type": "buy"}
{"amount": 0.00446, "date": 1680801236, "price": 142989.63405479, "tid": 14992738, "type": "buy"}
{"amount": 0.00451, "date": 1680801236, "price": 142992.02514419, "tid": 14992739, "type": "buy"}
{"amount": 0.00623369, "date": 1680801236, "price": 142994.85496558, "tid": 14992740, "type": "buy"}
{"amount": 0.00020539, "date": 1680801285, "price": 142912.94454395, "tid": 14992741, "type": "buy"}
{"amount": 0.00163584, "date": 1680801298, "price": 142880.06132061, "tid": 14992742, "type": "buy"}
{"amount": 0.0066, "date": 1680801318, "price": 142863.23000001, "tid": 14992743, "type": "buy"}
{"amount": 0.00879375, "date": 1680801318, "price": 142864.3, "tid": 14992744, "type": "buy"}
{"amount": 0.0066, "date": 1680801332, "price": 142864.3, "tid": 14992745, "type": "buy"}
{"amount": 0.00034267, "date": 1680801374, "price": 143007.73577797, "tid": 14992746, "type": "buy"}
{"amount": 0.00362313, "date": 1680801387, "price": 143030.50941553, "tid": 14992747, "type": "buy"}
{"amount": 0.00021626, "date": 1680801394, "price": 143030.50941553, "tid": 14992748, "type": "buy"}
{"amount": 0.0001713, "date": 1680801395, "price": 143030.50941553, "tid": 14992749, "type": "buy"}
{"amount": 0.0076, "date": 1680801397, "price": 142991.64589426, "tid": 14992750, "type": "sell"}
{"amount": 0.0072, "date": 1680801397, "price": 142986.51965946, "tid": 14992751, "type": "sell"}
{"amount": 0.0072, "date": 1680801397, "price": 142986.51869134, "tid": 14992752, "type": "sell"}
{"amount": 0.00652, "date": 1680801397, "price": 142983.35740591, "tid": 14992753, "type": "sell"}
{"amount": 0.00683, "date": 1680801397, "price": 142981.17805192, "tid": 14992754, "type": "sell"}
{"amount": 0.00158304, "date": 1680801397, "price": 142981.08886252, "tid": 14992755, "type": "sell"}
{"amount": 0.00187875, "date": 1680801440, "price": 143037.66494021, "tid": 14992756, "type": "buy"}
{"amount": 0.00046593, "date": 1680801448, "price": 143037.66494021, "tid": 14992757, "type": "buy"}
{"amount": 5.565e-05, "date": 1680801490, "price": 142999.33071799, "tid": 14992758, "type": "sell"}
{"amount": 0.0014789, "date": 1680801533, "price": 143028.34958979, "tid": 14992759, "type": "buy"}
{"amount": 0.0015746, "date": 1680801562, "price": 142981.71013299, "tid": 14992760, "type": "sell"}
{"amount": 0.00709, "date": 1680801565, "price": 142981.8063097, "tid": 14992761, "type": "sell"}
{"amount": 0.0071, "date": 1680801565, "price": 142977.11695212, "tid": 14992762, "type": "sell"}
{"amount": 0.00609, "date": 1680801565, "price": 142977.11695211, "tid": 14992763, "type": "sell"}
{"amount": 0.00625, "date": 1680801565, "price": 142976.073711, "tid": 14992764, "type": "sell"}
{"amount": 0.007, "date": 1680801565, "price": 142975.051204, "tid": 14992765, "type": "sell"}
{"amount": 0.00624, "date": 1680801565, "price": 142974.42237909, "tid": 14992766, "type": "sell"}
{"amount": 0.00678, "date": 1680801565, "price": 142973.0668108, "tid": 14992767, "type": "sell"}
{"amount": 0.00739, "date": 1680801565, "price": 142972.4449411, "tid": 14992768, "type": "sell"}
{"amount": 0.00625, "date": 1680801565, "price": 142971.5831741, "tid": 14992769, "type": "sell"}
{"amount": 0.00678, "date": 1680801565, "price": 142971.2734359, "tid": 14992770, "type": "sell"}
{"amount": 0.00632, "date": 1680801565, "price": 142971.1406451, "tid": 14992771, "type": "sell"}
{"amount": 0.00678, "date": 1680801565, "price": 142970.4745225, "tid": 14992772, "type": "sell"}
{"amount": 0.00609, "date": 1680801565, "price": 142970.3044982, "tid": 14992773, "type": "sell"}
{"amount": 0.00716, "date": 1680801565, "price": 142970.183385, "tid": 14992774, "type": "sell"}
{"amount": 0.00655, "date": 1680801565, "price": 142970.1321448, "tid": 14992775, "type": "sell"}
{"amount": 0.00663, "date": 1680801565, "price": 142970.0925501, "tid": 14992776, "type": "sell"}
{"amount": 0.00678, "date": 1680801565, "price": 142969.9993861, "tid": 14992777, "type": "sell"}
{"amount": 0.00625, "date": 1680801565, "price": 142969.7292105, "tid": 14992778, "type": "sell"}
{"amount": 0.00731, "date": 1680801565, "price": 142968.2548902, "tid": 14992779, "type": "sell"}
{"amount": 0.00731, "date": 1680801565, "price": 142967.9381326, "tid": 14992780, "type": "sell"}
{"amount": 0.00609, "date": 1680801565, "price": 142966.6291784, "tid": 14992781, "type": "sell"}
{"amount": 0.0282167, "date": 1680801565, "price": 142964.7, "tid": 14992782, "type": "sell"}
{"amount": 0.00022426, "date": 1680801601, "price": 142992.54170519, "tid": 14992783, "type": "buy"}
{"amount": 4.501e-05, "date": 1680801627, "price": 142947.37, "tid": 14992784, "type": "sell"}
{"amount": 0.00173095, "date": 1680801659, "price": 142999.34391668, "tid": 14992785, "type": "buy"}
{"amount": 0.00113862, "date": 1680801710, "price": 142958.61288144, "tid": 14992786, "type": "sell"}
{"amount": 0.0001, "date": 1680801724, "price": 143030.48, "tid": 14992787, "type": "buy"}
{"amount": 0.00546, "date": 1680801724, "price": 143077.12870079, "tid": 14992788, "type": "buy"}
{"amount": 0.0051, "date": 1680801724, "price": 143077.6649288, "tid": 14992789, "type": "buy"}
{"amount": 0.00498, "date": 1680801724, "price": 143078.34740078, "tid": 14992790, "type": "buy"}
{"amount": 0.00350886, "date": 1680801724, "price": 143078.73738479, "tid": 14992791, "type": "buy"}
{"amount": 0.00079785, "date": 1680801750, "price": 143043.71271802, "tid": 14992792, "type": "sell"}
{"amount": 0.00165945, "date": 1680801776, "price": 143076.26342379, "tid": 14992793, "type": "buy"}
{"amount": 0.00165945, "date": 1680801779, "price": 143076.26342379, "tid": 14992794, "type": "buy"}
{"amount": 0.00469, "date": 1680801937, "price": 142969.69813559, "tid": 14992795, "type": "buy"}
{"amount": 0.00031, "date": 1680801937, "price": 142970.35135879, "tid": 14992796, "type": "buy"}
{"amount": 0.00630459, "date": 1680801955, "price": 142935.70264561, "tid": 14992797, "type": "sell"}
{"amount": 0.00568, "date": 1680801983, "price": 142962.27137777, "tid": 14992798, "type": "buy"}
{"amount": 0.00475, "date": 1680801983, "price": 142963.80937719, "tid": 14992799, "type": "buy"}
{"amount": 0.00469, "date": 1680801983, "price": 142963.82643898, "tid": 14992800, "type": "buy"}
{"amount": 0.00224458, "date": 1680801983, "price": 142964.47478738, "tid": 14992801, "type": "buy"}
{"amount": 0.0071, "date": 1680801995, "price": 142938.16000001, "tid": 14992802, "type": "sell"}
{"amount": 0.00712628, "date": 1680801995, "price": 142938.16, "tid": 14992803, "type": "sell"}
{"amount": 0.00278, "date": 1680802017, "price": 142930.00000002, "tid": 14992804, "type": "buy"}
{"amount": 0.00261, "date": 1680802017, "price": 142930.00000002, "tid": 14992805, "type": "buy"}
{"amount": 0.00227, "date": 1680802017, "price": 142930.00000002, "tid": 14992806, "type": "buy"}
{"amount": 0.00247, "date": 1680802017, "price": 142930.00000002, "tid": 14992807, "type": "buy"}
{"amount": 0.00233, "date": 1680802017, "price": 142930.00000002, "tid": 14992808, "type": "buy"}
{"amount": 0.00227, "date": 1680802017, "price": 142930.00000002, "tid": 14992809, "type": "buy"}
{"amount": 0.15128, "date": 1680802017, "price": 142938.13, "tid": 14992810, "type": "buy"}
{"amount": 0.00264, "date": 1680802020, "price": 142930.00000002, "tid": 14992811, "type": "buy"}
{"amount": 0.00278, "date": 1680802020, "price": 142930.00000002, "tid": 14992812, "type": "buy"}
{"amount": 0.0024, "date": 1680802020, "price": 142930.00000002, "tid": 14992813, "type": "buy"}
{"amount": 0.00226, "date": 1680802020, "price": 142930.00000002, "tid": 14992814, "type": "buy"}
{"amount": 0.15592998, "date": 1680802020, "price": 142938.13, "tid": 14992815, "type": "buy"}
{"amount": 0.00212056, "date": 1680802039, "price": 142921.14862424, "tid": 14992816, "type": "sell"}
{"amount": 0.00349367, "date": 1680802065, "price": 142938.13, "tid": 14992817, "type": "buy"}
{"amount": 0.00011481, "date": 1680802078, "price": 142937.76, "tid": 14992818, "type": "sell"}
{"amount": 0.00088971, "date": 1680802096, "price": 142937.76, "tid": 14992819, "type": "sell"}
{"amount": 0.00086667, "date": 1680802159, "price": 142873.46309722, "tid": 14992820, "type": "sell"}
{"amount": 0.0057, "date": 1680802163, "price": 142876.61109927, "tid": 14992821, "type": "sell"}
{"amount": 0.00146376, "date": 1680802163, "price": 142869.0298267, "tid": 14992822, "type": "sell"}
{"amount": 7.46e-06, "date": 1680802184, "price": 142876.62, "tid": 14992823, "type": "buy"}
{"amount": 0.0065, "date": 1680802198, "price": 142866.17000001, "tid": 14992824, "type": "buy"}
{"amount": 0.000503, "date": 1680802198, "price": 142866.29461921, "tid": 14992825, "type": "buy"}
{"amount": 0.003957, "date": 1680802201, "price": 142866.29461921, "tid": 14992826, "type": "buy"}
{"amount": 0.003046, "date": 1680802201, "price": 142866.43111361, "tid": 14992827, "type": "buy"}
{"amount": 0.0002058, "date": 1680802209, "price": 142866.17000001, "tid": 14992828, "type": "buy"}
{"amount": 0.00069294, "date": 1680802400, "price": 142881.99502391, "tid": 14992829, "type": "buy"}
{"amount": 0.00043919, "date": 1680802467, "price": 142863.22999, "tid": 14992830, "type": "sell"}
{"amount": 0.00064739, "date": 1680802542, "price": 142863.22999, "tid": 14992831, "type": "sell"}
{"amount": 4.189e-05, "date": 1680802631, "price": 142863.22999, "tid": 14992832, "type": "sell"}
{"amount": 0.19621235, "date": 1680802643, "price": 142863.24, "tid": 14992833, "type": "buy"}
{"amount": 6.634e-05, "date": 1680802817, "price": 142916.2136569, "tid": 14992834, "type": "sell"}
{"amount": 0.00177636, "date": 1680802823, "price": 142911.15054986, "tid": 14992835, "type": "sell"}
{"amount": 0.00541, "date": 1680802826, "price": 142921.14107159, "tid": 14992836, "type": "buy"}
{"amount": 0.00168582, "date": 1680802826, "price": 142923.9635808, "tid": 14992837, "type": "buy"}
{"amount": 0.00475, "date": 1680802828, "price": 142931.4025256, "tid": 14992838, "type": "buy"}
{"amount": 0.00234582, "date": 1680802828, "price": 142934.805568, "tid": 14992839, "type": "buy"}
{"amount": 9.86e-06, "date": 1680802835, "price": 142924.17075979, "tid": 14992840, "type": "buy"}
{"amount": 6.135e-05, "date": 1680802886, "price": 142930.14726459, "tid": 14992841, "type": "buy"}
{"amount": 0.01061609, "date": 1680802899, "price": 142863.22999, "tid": 14992842, "type": "sell"}
{"amount": 0.00108781, "date": 1680802906, "price": 142896.81104163, "tid": 14992843, "type": "buy"}
{"amount": 0.00059313, "date": 1680802917, "price": 142893.60586063, "tid": 14992844, "type": "buy"}
{"amount": 0.00029896, "date": 1680802945, "price": 142863.22999, "tid": 14992845, "type": "sell"}
{"amount": 1.475e-05, "date": 1680803036, "price": 142872.25584234, "tid": 14992846, "type": "buy"}
{"amount": 6.859e-05, "date": 1680803147, "price": 142881.77219538, "tid": 14992847, "type": "buy"}
{"amount": 8.205e-05, "date": 1680803200, "price": 142863.22999, "tid": 14992848, "type": "sell"}
{"amount": 0.00308443, "date": 1680803259, "price": 142863.22999, "tid": 14992849, "type": "sell"}
{"amount": 0.00013706, "date": 1680803259, "price": 142863.22, "tid": 14992850, "type": "sell"}
{"amount": 6.453e-05, "date": 1680803328, "price": 142863.22000001, "tid": 14992851, "type": "buy"}
{"amount": 4.074e-05, "date": 1680803341, "price": 142863.22000001, "tid": 14992852, "type": "buy"}
{"amount": 0.00056294, "date": 1680803354, "price": 142863.22, "tid": 14992853, "type": "sell"}
{"amount": 0.00637183, "date": 1680803354, "price": 142740.26534296, "tid": 14992854, "type": "sell"}
{"amount": 0.00516479, "date": 1680803409, "price": 142741.41058678, "tid": 14992855, "type": "sell"}
{"amount": 0.00152206, "date": 1680803416, "price": 142752.12539718, "tid": 14992856, "type": "sell"}
{"amount": 0.0092101, "date": 1680803511, "price": 142837.18381, "tid": 14992857, "type": "sell"}
{"amount": 0.00013723, "date": 1680803544, "price": 142840.13, "tid": 14992858, "type": "buy"}
{"amount": 0.00034307, "date": 1680803552, "price": 142840.13, "tid": 14992859, "type": "buy"}
{"amount": 0.00193748, "date": 1680803563, "price": 142840.13, "tid": 14992860, "type": "buy"}
{"amount": 0.0004887, "date": 1680803635, "price": 142830, "tid": 14992861, "type": "sell"}
{"amount": 0.00347172, "date": 1680803639, "price": 142836.449622, "tid": 14992862, "type": "buy"}
{"amount": 0.0002, "date": 1680803772, "price": 142830, "tid": 14992863, "type": "sell"}
{"amount": 0.0024262, "date": 1680803814, "price": 142830.00000001, "tid": 14992864, "type": "buy"}
{"amount": 0.0006932, "date": 1680803829, "price": 142830.00000001, "tid": 14992865, "type": "buy"}
{"amount": 3.103e-05, "date": 1680803925, "price": 142830.00000001, "tid": 14992866, "type": "sell"}
{"amount": 0.0084, "date": 1680803939, "price": 142830.00000001, "tid": 14992867, "type": "sell"}
{"amount": 0.0043113, "date": 1680803939, "price": 142830, "tid": 14992868, "type": "sell"}
{"amount": 0.00957097, "date": 1680803939, "price": 142807.38226981, "tid": 14992869, "type": "sell"}
{"amount": 8.181e-05, "date": 1680803961, "price": 142829.6560929, "tid": 14992870, "type": "sell"}
{"amount": 5.499e-05, "date": 1680804025, "price": 142842.47999999, "tid": 14992871, "type": "sell"}
{"amount": 8.75e-05, "date": 1680804060, "price": 142842.48, "tid": 14992872, "type": "buy"}
{"amount": 0.00145261, "date": 1680804083, "price": 142828.15276329, "tid": 14992873, "type": "sell"}
{"amount": 0.0033, "date": 1680804118, "price": 142842.47999999, "tid": 14992874, "type": "sell"}
{"amount": 0.003045, "date": 1680804118, "price": 142842.47999999, "tid": 14992875, "type": "sell"}
{"amount": 0.003515, "date": 1680804118, "price": 142842.47999999, "tid": 14992876, "type": "sell"}
{"amount": 0.00337, "date": 1680804118, "price": 142842.47999999, "tid": 14992877, "type": "sell"}
{"amount": 0.00092684, "date": 1680804118, "price": 142842.47999999, "tid": 14992878, "type": "sell"}
{"amount": 0.0082, "date": 1680804208, "price": 142842.47000001, "tid": 14992879, "type": "buy"}
{"amount": 0.01821651, "date": 1680804208, "price": 142842.48, "tid": 14992880, "type": "buy"}
{"amount": 0.00154951, "date": 1680804239, "price": 142842.47, "tid": 14992881, "type": "sell"}
{"amount": 0.00040408, "date": 1680804304, "price": 142842.48, "tid": 14992882, "type": "buy"}
{"amount": 0.00545049, "date": 1680804414, "price": 142842.47, "tid": 14992883, "type": "sell"}
{"amount": 0.00431921, "date": 1680804414, "price": 142787.41671643, "tid": 14992884, "type": "sell"}
{"amount": 0.00501, "date": 1680804421, "price": 142839.0552026, "tid": 14992885, "type": "buy"}
{"amount": 0.00194187, "date": 1680804421, "price": 142839.7425494, "tid": 14992886, "type": "buy"}
{"amount": 0.00020238, "date": 1680804422, "price": 142800.45914696, "tid": 14992887, "type": "sell"}
{"amount": 0.00447, "date": 1680804466, "price": 142828.5110102, "tid": 14992888, "type": "buy"}
{"amount": 0.00248236, "date": 1680804466, "price": 142830.0806958, "tid": 14992889, "type": "buy"}
{"amount": 0.00014457, "date": 1680804627, "price": 142784.2409, "tid": 14992890, "type": "sell"}
{"amount": 0.00034993, "date": 1680804646, "price": 142840.46430226, "tid": 14992891, "type": "buy"}
{"amount": 3.985e-05, "date": 1680804668, "price": 142805.3104827, "tid": 14992892, "type": "sell"}
{"amount": 0.00066902, "date": 1680804684, "price": 142833.68333739, "tid": 14992893, "type": "buy"}
{"amount": 0.00403384, "date": 1680804688, "price": 142833.68333738, "tid": 14992894, "type": "buy"}
{"amount": 3.396e-05, "date": 1680804705, "price": 142823.85313879, "tid": 14992895, "type": "buy"}
{"amount": 0.0063, "date": 1680804713, "price": 142807.183678, "tid": 14992896, "type": "sell"}
{"amount": 0.00587, "date": 1680804713, "price": 142805.7210032, "tid": 14992897, "type": "sell"}
{"amount": 0.05141783, "date": 1680804713, "price": 142803.61092, "tid": 14992898, "type": "sell"}
{"amount": 0.0035, "date": 1680804713, "price": 142800, "tid": 14992899, "type": "sell"}
{"amount": 0.0077, "date": 1680804713, "price": 142781.20475434, "tid": 14992900, "type": "sell"}
{"amount": 0.00587, "date": 1680804713, "price": 142781.20475433, "tid": 14992901, "type": "sell"}
{"amount": 0.00659, "date": 1680804713, "price": 142780.36559473, "tid": 14992902, "type": "sell"}
{"amount": 0.00681, "date": 1680804713, "price": 142779.09383699, "tid": 14992903, "type": "sell"}
{"amount": 0.00627385, "date": 1680804713, "price": 142761.61005178, "tid": 14992904, "type": "sell"}
{"amount": 0.00051996, "date": 1680804741, "price": 142760.89, "tid": 14992905, "type": "buy"}
{"amount": 0.00287848, "date": 1680804788, "price": 142745.64381259, "tid": 14992906, "type": "buy"}
{"amount": 6.059e-05, "date": 1680804842, "price": 142743.6524568, "tid": 14992907, "type": "buy"}
{"amount": 0.00123418, "date": 1680804862, "price": 142727.87794001, "tid": 14992908, "type": "sell"}
{"amount": 0.00016929, "date": 1680804866, "price": 142727.87794001, "tid": 14992909, "type": "sell"}
{"amount": 0.00496, "date": 1680804870, "price": 142744.074127, "tid": 14992910, "type": "buy"}
{"amount": 0.00491, "date": 1680804870, "price": 142745.57312798, "tid": 14992911, "type": "buy"}
{"amount": 0.00547, "date": 1680804870, "price": 142746.77720359, "tid": 14992912, "type": "buy"}
{"amount": 0.00536, "date": 1680804870, "price": 142747.291495, "tid": 14992913, "type": "buy"}
{"amount": 0.00542, "date": 1680804870, "price": 142747.5571716, "tid": 14992914, "type": "buy"}
{"amount": 0.00553, "date": 1680804870, "price": 142748.0665882, "tid": 14992915, "type": "buy"}
{"amount": 0.00474, "date": 1680804870, "price": 142748.1153362, "tid": 14992916, "type": "buy"}
{"amount": 0.00040213, "date": 1680804870, "price": 142748.63937719, "tid": 14992917, "type": "buy"}
{"amount": 0.00200986, "date": 1680804899, "price": 142760.88999999, "tid": 14992918, "type": "sell"}
{"amount": 0.00592563, "date": 1680804962, "price": 142760.88999999, "tid": 14992919, "type": "sell"}
{"amount": 0.00190192, "date": 1680804991, "price": 142808.33500005, "tid": 14992920, "type": "sell"}
{"amount": 0.0073, "date": 1680805019, "price": 142824.58147929, "tid": 14992921, "type": "buy"}
{"amount": 5.167e-05, "date": 1680805019, "price": 142838.05, "tid": 14992922, "type": "buy"}
{"amount": 3.362e-05, "date": 1680805032, "price": 142828.99825362, "tid": 14992923, "type": "buy"}
{"amount": 0.00195449, "date": 1680805032, "price": 142828.99825362, "tid": 14992924, "type": "buy"}
{"amount": 1.568e-05, "date": 1680805039, "price": 142838.05, "tid": 14992925, "type": "buy"}
{"amount": 0.00017771, "date": 1680805049, "price": 142838.04999999, "tid": 14992926, "type": "buy"}
{"amount": 0.00346581, "date": 1680805059, "price": 142838.04999999, "tid": 14992927, "type": "buy"}
{"amount": 0.00173309, "date": 1680805168, "price": 142822.79650037, "tid": 14992928, "type": "buy"}
{"amount": 0.00035715, "date": 1680805190, "price": 142809.2021329, "tid": 14992929, "type": "sell"}
{"amount": 0.00183049, "date": 1680805201, "price": 142801.09686489, "tid": 14992930, "type": "sell"}
{"amount": 3.719e-05, "date": 1680805309, "price": 142810.33882, "tid": 14992931, "type": "sell"}
{"amount": 0.00067629, "date": 1680805358, "price": 142796.860232, "tid": 14992932, "type": "sell"}
{"amount": 0.00403335, "date": 1680805362, "price": 142799.8484673, "tid": 14992933, "type": "sell"}
{"amount": 0.00521, "date": 1680805442, "price": 142834.17672099, "tid": 14992934, "type": "buy"}
{"amount": 0.03650171, "date": 1680805442, "price": 142838.05, "tid": 14992935, "type": "buy"}
{"amount": 0.00125268, "date": 1680805469, "price": 142834.18999999, "tid": 14992936, "type": "sell"}
{"amount": 0.00069318, "date": 1680805488, "price": 142834.19, "tid": 14992937, "type": "buy"}
{"amount": 1.358e-05, "date": 1680805539, "price": 142834.19, "tid": 14992938, "type": "buy"}
{"amount": 3.395e-05, "date": 1680805592, "price": 142834.19, "tid": 14992939, "type": "buy"}
{"amount": 0.00307, "date": 1680805607, "price": 142834.18999999, "tid": 14992940, "type": "sell"}
{"amount": 0.002925, "date": 1680805607, "price": 142834.18999999, "tid": 14992941, "type": "sell"}
{"amount": 0.00032516, "date": 1680805607, "price": 142834.18999999, "tid": 14992942, "type": "sell"}
{"amount": 0.00219795, "date": 1680805608, "price": 142834.18999999, "tid": 14992943, "type": "sell"}
{"amount": 0.00152691, "date": 1680805733, "price": 142834.18999999, "tid": 14992944, "type": "sell"}
{"amount": 3.287e-05, "date": 1680805746, "price": 142834.19, "tid": 14992945, "type": "buy"}
{"amount": 0.00025095, "date": 1680805843, "price": 142899.96449476, "tid": 14992946, "type": "buy"}
{"amount": 0.00026561, "date": 1680805872, "price": 142804.83314662, "tid": 14992947, "type": "sell"}
{"amount": 0.00022458, "date": 1680805939, "price": 142793.31000001, "tid": 14992948, "type": "buy"}
{"amount": 0.025, "date": 1680805947, "price": 142793.31, "tid": 14992949, "type": "sell"}
{"amount": 0.005, "date": 1680805947, "price": 142732.01154, "tid": 14992950, "type": "sell"}
{"amount": 6.866e-05, "date": 1680805969, "price": 142732.01154001, "tid": 14992951, "type": "buy"}
{"amount": 0.00017166, "date": 1680805983, "price": 142733.12999999, "tid": 14992952, "type": "buy"}
{"amount": 0.0071, "date": 1680806025, "price": 142732.01154001, "tid": 14992953, "type": "buy"}
{"amount": 0.00036532, "date": 1680806034, "price": 142677.14488, "tid": 14992954, "type": "sell"}
{"amount": 0.0022394, "date": 1680806045, "price": 142683.1523125, "tid": 14992955, "type": "sell"}
{"amount": 0.00235727, "date": 1680806058, "price": 142709.63219674, "tid": 14992956, "type": "buy"}
{"amount": 0.00035033, "date": 1680806101, "price": 142720.616138, "tid": 14992957, "type": "buy"}
{"amount": 6.79e-06, "date": 1680806112, "price": 142720.616138, "tid": 14992958, "type": "buy"}
{"amount": 0.002665, "date": 1680806163, "price": 142720.61613001, "tid": 14992959, "type": "buy"}
{"amount": 0.00429271, "date": 1680806163, "price": 142720.63, "tid": 14992960, "type": "buy"}
{"amount": 0.00013151, "date": 1680806273, "price": 142565.96, "tid": 14992961, "type": "buy"}
{"amount": 0.05192719, "date": 1680806274, "price": 142561.08097, "tid": 14992962, "type": "sell"}
{"amount": 0.02027942, "date": 1680806274, "price": 142544.04273561, "tid": 14992963, "type": "sell"}
{"amount": 0.00646, "date": 1680806274, "price": 142544.0427356, "tid": 14992964, "type": "sell"}
{"amount": 0.00574, "date": 1680806274, "price": 142543.6747378, "tid": 14992965, "type": "sell"}
{"amount": 0.00639, "date": 1680806274, "price": 142543.3207146, "tid": 14992966, "type": "sell"}
{"amount": 0.00595, "date": 1680806274, "price": 142537.76814017, "tid": 14992967, "type": "sell"}
{"amount": 0.00682, "date": 1680806274, "price": 142537.00419539, "tid": 14992968, "type": "sell"}
{"amount": 0.00696, "date": 1680806274, "price": 142536.3543765, "tid": 14992969, "type": "sell"}
{"amount": 0.00703, "date": 1680806274, "price": 142536.1261247, "tid": 14992970, "type": "sell"}
{"amount": 0.00624, "date": 1680806274, "price": 142535.4530148, "tid": 14992971, "type": "sell"}
{"amount": 0.00682, "date": 1680806274, "price": 142534.57261499, "tid": 14992972, "type": "sell"}
{"amount": 0.00667, "date": 1680806274, "price": 142531.9919722, "tid": 14992973, "type": "sell"}
{"amount": 0.00639, "date": 1680806274, "price": 142531.7660495, "tid": 14992974, "type": "sell"}
{"amount": 0.00653, "date": 1680806274, "price": 142531.2303565, "tid": 14992975, "type": "sell"}
{"amount": 0.00588, "date": 1680806274, "price": 142530.124034, "tid": 14992976, "type": "sell"}
{"amount": 0.00617, "date": 1680806274, "price": 142530.0029208, "tid": 14992977, "type": "sell"}
{"amount": 0.00696, "date": 1680806274, "price": 142529.9400351, "tid": 14992978, "type": "sell"}
{"amount": 0.00574, "date": 1680806274, "price": 142529.5860119, "tid": 14992979, "type": "sell"}
{"amount": 0.00703, "date": 1680806274, "price": 142529.5766955, "tid": 14992980, "type": "sell"}
{"amount": 0.00624, "date": 1680806274, "price": 142529.5161389, "tid": 14992981, "type": "sell"}
{"amount": 0.00040993, "date": 1680806274, "price": 142529.3018617, "tid": 14992982, "type": "sell"}
{"amount": 0.00070149, "date": 1680806281, "price": 142561.57935063, "tid": 14992983, "type": "buy"}
{"amount": 0.00010314, "date": 1680806400, "price": 142526.52722001, "tid": 14992984, "type": "buy"}
{"amount": 0.00069467, "date": 1680806407, "price": 142526.52722001, "tid": 14992985, "type": "buy"}
{"amount": 0.00069467, "date": 1680806422, "price": 142526.52722001, "tid": 14992986, "type": "buy"}
{"amount": 0.00035085, "date": 1680806428, "price": 142526.52722, "tid": 14992987, "type": "sell"}
{"amount": 8.31e-06, "date": 1680806441, "price": 142526.52722, "tid": 14992988, "type": "sell"}
{"amount": 0.00174488, "date": 1680806459, "price": 142526.52722, "tid": 14992989, "type": "sell"}
{"amount": 9.473e-05, "date": 1680806483, "price": 142526.52722, "tid": 14992990, "type": "sell"}
{"amount": 9.382e-05, "date": 1680806501, "price": 142526.52722, "tid": 14992991, "type": "sell"}
{"amount": 9.132e-05, "date": 1680806573, "price": 142526.52722001, "tid": 14992992, "type": "buy"}
{"amount": 0.0082, "date": 1680806597, "price": 142526.52722, "tid": 14992993, "type": "sell"}
{"amount": 0.0079, "date": 1680806601, "price": 142526.52722, "tid": 14992994, "type": "sell"}
{"amount": 1.264e-05, "date": 1680806656, "price": 142526.53999999, "tid": 14992995, "type": "sell"}
{"amount": 6.8e-06, "date": 1680806703, "price": 142526.54, "tid": 14992996, "type": "buy"}
{"amount": 0.00138935, "date": 1680806767, "price": 142526.54, "tid": 14992997, "type": "buy"}
{"amount": 0.00028173, "date": 1680806850, "price": 142526.54, "tid": 14992998, "type": "buy"}
{"amount": 0.00028064, "date": 1680806854, "price": 142526.54, "tid": 14992999, "type": "buy"}
{"amount": 0.00027609, "date": 1680806894, "price": 142526.53999999, "tid": 14993000, "type": "sell"}
{"amount": 2.352e-05, "date": 1680806905, "price": 142526.53999999, "tid": 14993001, "type": "sell"}
{"amount": 0.00034383, "date": 1680806975, "price": 142526.54, "tid": 14993002, "type": "buy"}
{"amount": 2.153e-05, "date": 1680807076, "price": 142526.53999999, "tid": 14993003, "type": "sell"}
{"amount": 0.00032852, "date": 1680807078, "price": 142526.53999999, "tid": 14993004, "type": "sell"}
{"amount": 0.01532995, "date": 1680807079, "price": 142526.54, "tid": 14993005, "type": "buy"}
{"amount": 0.0071, "date": 1680807178, "price": 142640.74815399, "tid": 14993006, "type": "buy"}
{"amount": 0.00020962, "date": 1680807178, "price": 142640.9953806, "tid": 14993007, "type": "buy"}
{"amount": 0.0068, "date": 1680807387, "price": 142542.19530664, "tid": 14993008, "type": "buy"}
{"amount": 0.00197545, "date": 1680807387, "price": 142542.19530665, "tid": 14993009, "type": "buy"}
{"amount": 9.221e-05, "date": 1680807480, "price": 142526.52722001, "tid": 14993010, "type": "buy"}
{"amount": 0.00020629, "date": 1680807555, "price": 142526.52722001, "tid": 14993011, "type": "buy"}
{"amount": 1.257e-05, "date": 1680807574, "price": 142526.52722, "tid": 14993012, "type": "sell"}
{"amount": 0.03352, "date": 1680807612, "price": 142526.52722, "tid": 14993013, "type": "sell"}
{"amount": 0.03352, "date": 1680807619, "price": 142526.52722, "tid": 14993014, "type": "sell"}
{"amount": 0.0119811, "date": 1680807675, "price": 142526.52722, "tid": 14993015, "type": "sell"}
{"amount": 0.00015585, "date": 1680807703, "price": 142526.52722001, "tid": 14993016, "type": "sell"}
{"amount": 0.00247288, "date": 1680807726, "price": 142536.83999999, "tid": 14993017, "type": "sell"}
{"amount": 3.682e-05, "date": 1680807854, "price": 142536.84, "tid": 14993018, "type": "buy"}
{"amount": 0.00013752, "date": 1680807927, "price": 142536.84, "tid": 14993019, "type": "buy"}
{"amount": 0.00161361, "date": 1680807960, "price": 142536.84, "tid": 14993020, "type": "buy"}
{"amount": 0.00035078, "date": 1680807966, "price": 142536.84, "tid": 14993021, "type": "buy"}
{"amount": 8.251e-05, "date": 1680808081, "price": 142536.84, "tid": 14993022, "type": "buy"}
{"amount": 0.00042757, "date": 1680808217, "price": 142526.52722, "tid": 14993023, "type": "sell"}
{"amount": 9.305e-05, "date": 1680808217, "price": 142526.52722, "tid": 14993024, "type": "sell"}
{"amount": 0.01164482, "date": 1680808258, "price": 142526.52722, "tid": 14993025, "type": "sell"}
{"amount": 0.0003414, "date": 1680808370, "price": 142526.52722, "tid": 14993026, "type": "sell"}
{"amount": 0.00138935, "date": 1680808375, "price": 142526.93443578, "tid": 14993027, "type": "buy"}
{"amount": 0.04051666, "date": 1680808379, "price": 142526.52722, "tid": 14993028, "type": "sell"}
{"amount": 0.0001598, "date": 1680808389, "price": 142529.39620979, "tid": 14993029, "type": "buy"}
{"amount": 2.531e-05, "date": 1680808409, "price": 142532.70376158, "tid": 14993030, "type": "buy"}
{"amount": 2.538e-05, "date": 1680808449, "price": 142527.31467019, "tid": 14993031, "type": "buy"}
{"amount": 8.425e-05, "date": 1680808526, "price": 142539.09, "tid": 14993032, "type": "buy"}
{"amount": 0.0078, "date": 1680808543, "price": 142539.08999999, "tid": 14993033, "type": "sell"}
{"amount": 0.00462521, "date": 1680808543, "price": 142539.08999999, "tid": 14993034, "type": "sell"}
{"amount": 0.0008, "date": 1680808600, "price": 142595.12521379, "tid": 14993035, "type": "buy"}
{"amount": 0.00025776, "date": 1680808613, "price": 142587.65009639, "tid": 14993036, "type": "buy"}
{"amount": 0.00026414, "date": 1680808686, "price": 142594.0454456, "tid": 14993037, "type": "buy"}
{"amount": 0.00698513, "date": 1680808769, "price": 142589.00385001, "tid": 14993038, "type": "sell"}
{"amount": 0.00350249, "date": 1680808887, "price": 142611.01, "tid": 14993039, "type": "buy"}
{"amount": 0.00041232, "date": 1680809052, "price": 142620.21638293, "tid": 14993040, "type": "buy"}
{"amount": 0.00696266, "date": 1680809081, "price": 142617.76338012, "tid": 14993041, "type": "buy"}
{"amount": 0.00051505, "date": 1680809167, "price": 142718.78916459, "tid": 14993042, "type": "buy"}
{"amount": 0.00069365, "date": 1680809170, "price": 142735.84442584, "tid": 14993043, "type": "buy"}
{"amount": 3.768e-05, "date": 1680809196, "price": 142704.55742453, "tid": 14993044, "type": "sell"}
{"amount": 1.347e-05, "date": 1680809217, "price": 142726.57321, "tid": 14993045, "type": "sell"}
{"amount": 0.00105081, "date": 1680809232, "price": 142746.4238212, "tid": 14993046, "type": "buy"}
{"amount": 0.00019225, "date": 1680809237, "price": 142742.68455538, "tid": 14993047, "type": "buy"}
{"amount": 0.0019044, "date": 1680809240, "price": 142726.57321, "tid": 14993048, "type": "sell"}
{"amount": 0.00035046, "date": 1680809269, "price": 142662.13282001, "tid": 14993049, "type": "sell"}
{"amount": 4.857e-05, "date": 1680809320, "price": 142668.26714, "tid": 14993050, "type": "sell"}
{"amount": 0.00416387, "date": 1680809469, "price": 142669.97503815, "tid": 14993051, "type": "buy"}
{"amount": 0.00573, "date": 1680809480, "price": 142678.20485867, "tid": 14993052, "type": "buy"}
{"amount": 0.00331755, "date": 1680809480, "price": 142681.33676291, "tid": 14993053, "type": "buy"}
{"amount": 0.0083, "date": 1680809656, "price": 142779.50455737, "tid": 14993054, "type": "sell"}
{"amount": 0.008, "date": 1680809656, "price": 142779.47865265, "tid": 14993055, "type": "sell"}
{"amount": 0.05438756, "date": 1680809656, "price": 142778.94664, "tid": 14993056, "type": "sell"}
{"amount": 0.0139, "date": 1680809656, "price": 142758.10901902, "tid": 14993057, "type": "sell"}
{"amount": 0.0152, "date": 1680809656, "price": 142750.72088017, "tid": 14993058, "type": "sell"}
{"amount": 0.0153, "date": 1680809656, "price": 142750.66834306, "tid": 14993059, "type": "sell"}
{"amount": 0.00569, "date": 1680809656, "price": 142727.48727467, "tid": 14993060, "type": "sell"}
{"amount": 0.00634, "date": 1680809656, "price": 142726.36930667, "tid": 14993061, "type": "sell"}
{"amount": 0.0391, "date": 1680809656, "price": 142724.88770157, "tid": 14993062, "type": "sell"}
{"amount": 0.0391, "date": 1680809656, "price": 142724.74031951, "tid": 14993063, "type": "sell"}
{"amount": 0.00589, "date": 1680809656, "price": 142601.99669938, "tid": 14993064, "type": "sell"}
{"amount": 0.00563, "date": 1680809656, "price": 142600.6775916, "tid": 14993065, "type": "sell"}
{"amount": 0.00576, "date": 1680809656, "price": 142600.6775916, "tid": 14993066, "type": "sell"}
{"amount": 0.00589, "date": 1680809656, "price": 142598.3484916, "tid": 14993067, "type": "sell"}
{"amount": 0.00614, "date": 1680809656, "price": 142597.30505479, "tid": 14993068, "type": "sell"}
{"amount": 0.0055, "date": 1680809656, "price": 142597.2188781, "tid": 14993069, "type": "sell"}
{"amount": 0.00634, "date": 1680809656, "price": 142596.797311, "tid": 14993070, "type": "sell"}
{"amount": 0.00563, "date": 1680809656, "price": 142596.6366031, "tid": 14993071, "type": "sell"}
{"amount": 0.00614, "date": 1680809656, "price": 142596.378073, "tid": 14993072, "type": "sell"}
{"amount": 0.00634, "date": 1680809656, "price": 142595.92389849, "tid": 14993073, "type": "sell"}
{"amount": 0.00627, "date": 1680809656, "price": 142592.6337174, "tid": 14993074, "type": "sell"}
{"amount": 0.00582, "date": 1680809656, "price": 142592.4939714, "tid": 14993075, "type": "sell"}
{"amount": 0.15964, "date": 1680809656, "price": 142591.64, "tid": 14993076, "type": "sell"}
{"amount": 0.00537, "date": 1680809656, "price": 142591.49245839, "tid": 14993077, "type": "sell"}
{"amount": 0.04036, "date": 1680809656, "price": 142587.7, "tid": 14993078, "type": "sell"}
{"amount": 0.01943451, "date": 1680809656, "price": 142579.34568801, "tid": 14993079, "type": "sell"}
{"amount": 0.28629664, "date": 1680809656, "price": 142526.52722, "tid": 14993080, "type": "sell"}
{"amount": 0.03352, "date": 1680809656, "price": 142526.51999, "tid": 14993081, "type": "sell"}
{"amount": 0.5983, "date": 1680809656, "price": 142399, "tid": 14993082, "type": "sell"}
{"amount": 0.74708966, "date": 1680809656, "price": 142201.00978283, "tid": 14993083, "type": "sell"}
{"amount": 0.03516262, "date": 1680809656, "price": 142201, "tid": 14993084, "type": "sell"}
{"amount": 0.9061, "date": 1680809656, "price": 142156, "tid": 14993085, "type": "sell"}
{"amount": 0.00011, "date": 1680809656, "price": 142000.01, "tid": 14993086, "type": "sell"}
{"amount": 0.0106, "date": 1680809656, "price": 142000, "tid": 14993087, "type": "sell"}
{"amount": 0.00011, "date": 1680809656, "price": 142000, "tid": 14993088, "type": "sell"}
{"amount": 0.00070422, "date": 1680809656, "price": 142000, "tid": 14993089, "type": "sell"}
{"amount": 0.007, "date": 1680809656, "price": 142000, "tid": 14993090, "type": "sell"}
{"amount": 0.20449099, "date": 1680809658, "price": 142000, "tid": 14993091, "type": "buy"}
{"amount": 0.00034344, "date": 1680809698, "price": 142685.18161002, "tid": 14993092, "type": "buy"}
{"amount": 6e-06, "date": 1680809707, "price": 142685.18161001, "tid": 14993093, "type": "sell"}
{"amount": 0.00195148, "date": 1680809723, "price": 142694.52266139, "tid": 14993094, "type": "buy"}
{"amount": 6e-06, "date": 1680809729, "price": 142699.99, "tid": 14993095, "type": "buy"}
{"amount": 0.00241453, "date": 1680809729, "price": 142735.48021533, "tid": 14993096, "type": "buy"}
{"amount": 0.00105415, "date": 1680809742, "price": 142772.32175012, "tid": 14993097, "type": "buy"}
{"amount": 0.00105415, "date": 1680809744, "price": 142772.32175011, "tid": 14993098, "type": "buy"}
{"amount": 0.00699491, "date": 1680809747, "price": 142758.05305465, "tid": 14993099, "type": "buy"}
{"amount": 0.00032, "date": 1680809755, "price": 142745.69945074, "tid": 14993100, "type": "buy"}
{"amount": 0.00304, "date": 1680809891, "price": 142704.96059001, "tid": 14993101, "type": "buy"}
{"amount": 0.00294, "date": 1680809891, "price": 142704.96059001, "tid": 14993102, "type": "buy"}
{"amount": 0.003175, "date": 1680809891, "price": 142704.96059001, "tid": 14993103, "type": "buy"}
{"amount": 0.00321, "date": 1680809891, "price": 142704.96059001, "tid": 14993104, "type": "buy"}
{"amount": 0.002535, "date": 1680809891, "price": 142704.96059002, "tid": 14993105, "type": "buy"}
{"amount": 0.06243406, "date": 1680809944, "price": 142581.141, "tid": 14993106, "type": "sell"}
{"amount": 0.0008, "date": 1680809944, "price": 142564.93083199, "tid": 14993107, "type": "sell"}
{"amount": 0.0009, "date": 1680809944, "price": 142564.93075143, "tid": 14993108, "type": "sell"}
{"amount": 0.0008, "date": 1680809944, "price": 142490.12000001, "tid": 14993109, "type": "sell"}
{"amount": 0.03543243, "date": 1680809944, "price": 142490.12, "tid": 14993110, "type": "sell"}
{"amount": 0.0090549, "date": 1680809955, "price": 142563.54737001, "tid": 14993111, "type": "buy"}
{"amount": 0.002695, "date": 1680809959, "price": 142563.54737, "tid": 14993112, "type": "buy"}
{"amount": 0.0307451, "date": 1680809959, "price": 142563.54737001, "tid": 14993113, "type": "buy"}
{"amount": 0.0149, "date": 1680809959, "price": 142563.54737001, "tid": 14993114, "type": "buy"}
{"amount": 0.0078, "date": 1680809959, "price": 142566.31229859, "tid": 14993115, "type": "buy"}
{"amount": 0.0078, "date": 1680809959, "price": 142567.26254662, "tid": 14993116, "type": "buy"}
{"amount": 0.0081, "date": 1680809959, "price": 142567.26274455, "tid": 14993117, "type": "buy"}
{"amount": 0.0103099, "date": 1680809959, "price": 142572.20858258, "tid": 14993118, "type": "buy"}
{"amount": 0.00013752, "date": 1680809962, "price": 142537.71949229, "tid": 14993119, "type": "buy"}
{"amount": 0.00604, "date": 1680809973, "price": 142530.89452188, "tid": 14993120, "type": "buy"}
{"amount": 0.00624, "date": 1680809973, "price": 142534.30200708, "tid": 14993121, "type": "buy"}
{"amount": 0.00538, "date": 1680809973, "price": 142535.28671668, "tid": 14993122, "type": "buy"}
{"amount": 0.00578, "date": 1680809973, "price": 142545.3475136, "tid": 14993123, "type": "buy"}
{"amount": 0.00604, "date": 1680809973, "price": 142545.79213307, "tid": 14993124, "type": "buy"}
{"amount": 0.00086116, "date": 1680809973, "price": 142546.94778992, "tid": 14993125, "type": "buy"}
{"amount": 0.00511884, "date": 1680809975, "price": 142546.94778992, "tid": 14993126, "type": "buy"}
{"amount": 0.00651, "date": 1680809975, "price": 142547.41078729, "tid": 14993127, "type": "buy"}
{"amount": 0.00644, "date": 1680809975, "price": 142547.67646389, "tid": 14993128, "type": "buy"}
{"amount": 0.00564, "date": 1680809975, "price": 142548.06401049, "tid": 14993129, "type": "buy"}
{"amount": 6e-06, "date": 1680809975, "price": 142549.99, "tid": 14993130, "type": "buy"}
{"amount": 0.00598, "date": 1680809975, "price": 142555.98142998, "tid": 14993131, "type": "buy"}
{"amount": 0.00064632, "date": 1680809975, "price": 142557.7924182, "tid": 14993132, "type": "buy"}
{"amount": 6e-05, "date": 1680809985, "price": 142547.43046143, "tid": 14993133, "type": "sell"}
{"amount": 0.001, "date": 1680809992, "price": 142568.84959498, "tid": 14993134, "type": "buy"}
{"amount": 0.001, "date": 1680809995, "price": 142568.84959498, "tid": 14993135, "type": "buy"}
{"amount": 0.00038651, "date": 1680809999, "price": 142563.74962805, "tid": 14993136, "type": "sell"}
{"amount": 0.00026213, "date": 1680810025, "price": 142564.16, "tid": 14993137, "type": "sell"}
{"amount": 0.00329118, "date": 1680810044, "price": 142569.99330857, "tid": 14993138, "type": "sell"}
{"amount": 6e-06, "date": 1680810056, "price": 142599.99, "tid": 14993139, "type": "buy"}
{"amount": 0.00209759, "date": 1680810056, "price": 142612.88406701, "tid": 14993140, "type": "buy"}
{"amount": 0.00565, "date": 1680810100, "price": 142597.75063051, "tid": 14993141, "type": "buy"}
{"amount": 0.00584, "date": 1680810100, "price": 142598.00655751, "tid": 14993142, "type": "buy"}
{"amount": 0.00036723, "date": 1680810128, "price": 142616.00476952, "tid": 14993143, "type": "buy"}
{"amount": 0.00522277, "date": 1680810131, "price": 142616.00476952, "tid": 14993144, "type": "buy"}
{"amount": 0.0081, "date": 1680810131, "price": 142627.00695314, "tid": 14993145, "type": "buy"}
{"amount": 0.00503, "date": 1680810131, "price": 142627.00695315, "tid": 14993146, "type": "buy"}
{"amount": 0.00533, "date": 1680810131, "price": 142635.19960637, "tid": 14993147, "type": "buy"}
{"amount": 0.00582, "date": 1680810131, "price": 142637.42713958, "tid": 14993148, "type": "buy"}
{"amount": 0.0158, "date": 1680810131, "price": 142642.76260813, "tid": 14993149, "type": "buy"}
{"amount": 0.00497, "date": 1680810131, "price": 142646.67001079, "tid": 14993150, "type": "buy"}
{"amount": 0.016, "date": 1680810131, "price": 142646.77481898, "tid": 14993151, "type": "buy"}
{"amount": 0.00546, "date": 1680810131, "price": 142646.77481899, "tid": 14993152, "type": "buy"}
{"amount": 0.0049, "date": 1680810131, "price": 142646.98931017, "tid": 14993153, "type": "buy"}
{"amount": 0.00564, "date": 1680810131, "price": 142647.53528779, "tid": 14993154, "type": "buy"}
{"amount": 0.00512323, "date": 1680810131, "price": 142647.90089779, "tid": 14993155, "type": "buy"}
{"amount": 0.00576, "date": 1680810136, "price": 142631.42894857, "tid": 14993156, "type": "buy"}
{"amount": 0.00059, "date": 1680810136, "price": 142634.56522053, "tid": 14993157, "type": "buy"}
{"amount": 0.00639386, "date": 1680810138, "price": 142639.45236853, "tid": 14993158, "type": "buy"}
{"amount": 7.209e-05, "date": 1680810202, "price": 142640.69326546, "tid": 14993159, "type": "buy"}
{"amount": 7.01e-05, "date": 1680810214, "price": 142633.30492245, "tid": 14993160, "type": "buy"}
{"amount": 0.0062, "date": 1680810258, "price": 142646.53614396, "tid": 14993161, "type": "buy"}
{"amount": 0.0065, "date": 1680810258, "price": 142646.61157183, "tid": 14993162, "type": "buy"}
{"amount": 6e-06, "date": 1680810258, "price": 142649.99, "tid": 14993163, "type": "buy"}
{"amount": 0.000594, "date": 1680810258, "price": 142681.62039776, "tid": 14993164, "type": "buy"}
{"amount": 0.0003542, "date": 1680810271, "price": 142659.66679937, "tid": 14993165, "type": "buy"}
{"amount": 0.0003542, "date": 1680810276, "price": 142659.66679937, "tid": 14993166, "type": "buy"}
{"amount": 0.0003542, "date": 1680810282, "price": 142658.97620663, "tid": 14993167, "type": "buy"}
{"amount": 0.0056, "date": 1680810285, "price": 142657.61428077, "tid": 14993168, "type": "buy"}
{"amount": 0.0061, "date": 1680810285, "price": 142657.61428078, "tid": 14993169, "type": "buy"}
{"amount": 0.0046658, "date": 1680810285, "price": 142658.97620663, "tid": 14993170, "type": "buy"}
{"amount": 0.0065, "date": 1680810285, "price": 142659.67385826, "tid": 14993171, "type": "buy"}
{"amount": 0.00531, "date": 1680810285, "price": 142685.94922017, "tid": 14993172, "type": "buy"}
{"amount": 0.00462, "date": 1680810285, "price": 142687.12076858, "tid": 14993173, "type": "buy"}
{"amount": 0.00491, "date": 1680810285, "price": 142687.29491539, "tid": 14993174, "type": "buy"}
{"amount": 0.00537, "date": 1680810285, "price": 142687.92023578, "tid": 14993175, "type": "buy"}
{"amount": 0.00554, "date": 1680810285, "price": 142688.31106077, "tid": 14993176, "type": "buy"}
{"amount": 0.00502, "date": 1680810285, "price": 142688.41527838, "tid": 14993177, "type": "buy"}
{"amount": 0.00479, "date": 1680810285, "price": 142688.79795019, "tid": 14993178, "type": "buy"}
{"amount": 0.00502, "date": 1680810285, "price": 142688.89359935, "tid": 14993179, "type": "buy"}
{"amount": 0.00554, "date": 1680810285, "price": 142689.01706577, "tid": 14993180, "type": "buy"}
{"amount": 0.0011019, "date": 1680810285, "price": 142689.19037159, "tid": 14993181, "type": "buy"}
{"amount": 0.0056, "date": 1680810298, "price": 142662.75547489, "tid": 14993182, "type": "buy"}
{"amount": 0.00479, "date": 1680810298, "price": 142689.11968699, "tid": 14993183, "type": "buy"}
{"amount": 0.00525, "date": 1680810298, "price": 142689.38048879, "tid": 14993184, "type": "buy"}
{"amount": 0.00479, "date": 1680810298, "price": 142689.46336039, "tid": 14993185, "type": "buy"}
{"amount": 0.00537, "date": 1680810298, "price": 142690.87705239, "tid": 14993186, "type": "buy"}
{"amount": 0.00491, "date": 1680810298, "price": 142691.24509978, "tid": 14993187, "type": "buy"}
{"amount": 0.00468, "date": 1680810298, "price": 142692.16887438, "tid": 14993188, "type": "buy"}
{"amount": 0.00508, "date": 1680810298, "price": 142692.88303259, "tid": 14993189, "type": "buy"}
{"amount": 0.00468, "date": 1680810298, "price": 142693.35345079, "tid": 14993190, "type": "buy"}
{"amount": 0.00473, "date": 1680810298, "price": 142693.82874378, "tid": 14993191, "type": "buy"}
{"amount": 0.00496, "date": 1680810298, "price": 142694.12366918, "tid": 14993192, "type": "buy"}
{"amount": 0.00462, "date": 1680810298, "price": 142694.13829359, "tid": 14993193, "type": "buy"}
{"amount": 0.00491, "date": 1680810298, "price": 142694.42103199, "tid": 14993194, "type": "buy"}
{"amount": 0.00071999, "date": 1680810298, "price": 142694.50877839, "tid": 14993195, "type": "buy"}
{"amount": 0.00462, "date": 1680810299, "price": 142693.19989459, "tid": 14993196, "type": "buy"}
{"amount": 0.00514, "date": 1680810299, "price": 142694.68914598, "tid": 14993197, "type": "buy"}
{"amount": 0.00502, "date": 1680810299, "price": 142694.92069899, "tid": 14993198, "type": "buy"}
{"amount": 0.00531, "date": 1680810299, "price": 142695.79085079, "tid": 14993199, "type": "buy"}
{"amount": 0.0056, "date": 1680810299, "price": 142695.90540858, "tid": 14993200, "type": "buy"}
{"amount": 0.00491, "date": 1680810299, "price": 142696.21495839, "tid": 14993201, "type": "buy"}
{"amount": 0.00531, "date": 1680810299, "price": 142696.25883159, "tid": 14993202, "type": "buy"}
{"amount": 0.00496, "date": 1680810299, "price": 142696.45382359, "tid": 14993203, "type": "buy"}
{"amount": 0.00566, "date": 1680810299, "price": 142696.87549379, "tid": 14993204, "type": "buy"}
{"amount": 0.00496, "date": 1680810299, "price": 142698.07469459, "tid": 14993205, "type": "buy"}
{"amount": 0.00554, "date": 1680810299, "price": 142698.19900198, "tid": 14993206, "type": "buy"}
{"amount": 0.00548, "date": 1680810299, "price": 142698.45224118, "tid": 14993207, "type": "buy"}
{"amount": 0.00496, "date": 1680810299, "price": 142699.96124219, "tid": 14993208, "type": "buy"}
{"amount": 0.00566, "date": 1680810299, "price": 142701.11169499, "tid": 14993209, "type": "buy"}
{"amount": 0.00479, "date": 1680810299, "price": 142701.49192939, "tid": 14993210, "type": "buy"}
{"amount": 0.00178999, "date": 1680810299, "price": 142701.58942539, "tid": 14993211, "type": "buy"}
{"amount": 0.00468, "date": 1680810303, "price": 142691.38890639, "tid": 14993212, "type": "buy"}
{"amount": 0.00496, "date": 1680810303, "price": 142694.36497179, "tid": 14993213, "type": "buy"}
{"amount": 0.00525, "date": 1680810303, "price": 142697.98694819, "tid": 14993214, "type": "buy"}
{"amount": 0.00548, "date": 1680810303, "price": 142698.30381019, "tid": 14993215, "type": "buy"}
{"amount": 0.00531, "date": 1680810303, "price": 142698.70841859, "tid": 14993216, "type": "buy"}
{"amount": 0.00502, "date": 1680810303, "price": 142699.06671639, "tid": 14993217, "type": "buy"}
{"amount": 0.00283001, "date": 1680810303, "price": 142701.58942539, "tid": 14993218, "type": "buy"}
{"amount": 0.00543, "date": 1680810303, "price": 142701.60648719, "tid": 14993219, "type": "buy"}
{"amount": 0.00531, "date": 1680810303, "price": 142701.62842379, "tid": 14993220, "type": "buy"}
{"amount": 0.00548, "date": 1680810303, "price": 142701.72104499, "tid": 14993221, "type": "buy"}
{"amount": 0.00485, "date": 1680810303, "price": 142701.85997679, "tid": 14993222, "type": "buy"}
{"amount": 0.00508, "date": 1680810303, "price": 142702.24752339, "tid": 14993223, "type": "buy"}
{"amount": 0.00473, "date": 1680810303, "price": 142702.36939339, "tid": 14993224, "type": "buy"}
{"amount": 0.00491, "date": 1680810303, "price": 142702.57169759, "tid": 14993225, "type": "buy"}
{"amount": 0.00462, "date": 1680810303, "price": 142702.92755799, "tid": 14993226, "type": "buy"}
{"amount": 0.00541595, "date": 1680810303, "price": 142704.9606, "tid": 14993227, "type": "buy"}
{"amount": 0.00566, "date": 1680810310, "price": 142692.15668738, "tid": 14993228, "type": "buy"}
{"amount": 0.0049, "date": 1680810310, "price": 142698.32574679, "tid": 14993229, "type": "buy"}
{"amount": 0.00439, "date": 1680810310, "price": 142700.61202799, "tid": 14993230, "type": "buy"}
{"amount": 0.00496, "date": 1680810310, "price": 142701.87703859, "tid": 14993231, "type": "buy"}
{"amount": 0.03017, "date": 1680810310, "price": 142704.9606, "tid": 14993232, "type": "buy"}
{"amount": 0.10009, "date": 1680810313, "price": 142704.9606, "tid": 14993233, "type": "buy"}
{"amount": 0.10009, "date": 1680810316, "price": 142704.9606, "tid": 14993234, "type": "buy"}
{"amount": 0.00149898, "date": 1680810391, "price": 142695.61292059, "tid": 14993235, "type": "buy"}
{"amount": 0.00149898, "date": 1680810393, "price": 142693.27057919, "tid": 14993236, "type": "buy"}
{"amount": 0.05097519, "date": 1680810403, "price": 142704.9606, "tid": 14993237, "type": "buy"}
{"amount": 0.0047, "date": 1680810408, "price": 142740.1678109, "tid": 14993238, "type": "buy"}
{"amount": 0.0044, "date": 1680810408, "price": 142740.44204811, "tid": 14993239, "type": "buy"}
{"amount": 0.0044, "date": 1680810408, "price": 142740.44228608, "tid": 14993240, "type": "buy"}
{"amount": 6e-06, "date": 1680810408, "price": 142749.99, "tid": 14993241, "type": "buy"}
{"amount": 0.0032, "date": 1680810408, "price": 142763.18173399, "tid": 14993242, "type": "buy"}
{"amount": 0.00354, "date": 1680810408, "price": 142765.8752432, "tid": 14993243, "type": "buy"}
{"amount": 0.00362, "date": 1680810408, "price": 142765.9831509, "tid": 14993244, "type": "buy"}
{"amount": 0.00308, "date": 1680810408, "price": 142766.3804471, "tid": 14993245, "type": "buy"}
{"amount": 0.0037, "date": 1680810408, "price": 142767.3596198, "tid": 14993246, "type": "buy"}
{"amount": 0.0037, "date": 1680810408, "price": 142768.4101392, "tid": 14993247, "type": "buy"}
{"amount": 0.00347, "date": 1680810408, "price": 142768.72456378, "tid": 14993248, "type": "buy"}
{"amount": 0.0037, "date": 1680810408, "price": 142773.277627, "tid": 14993249, "type": "buy"}
{"amount": 0.00343, "date": 1680810408, "price": 142774.0137218, "tid": 14993250, "type": "buy"}
{"amount": 0.00331, "date": 1680810408, "price": 142775.2982316, "tid": 14993251, "type": "buy"}
{"amount": 0.00172948, "date": 1680810408, "price": 142777.177467, "tid": 14993252, "type": "buy"}
{"amount": 0.00097061, "date": 1680810626, "price": 142810, "tid": 14993253, "type": "buy"}
{"amount": 6e-06, "date": 1680810632, "price": 142809.99999999, "tid": 14993254, "type": "sell"}
{"amount": 0.00034314, "date": 1680810716, "price": 142810, "tid": 14993255, "type": "buy"}
{"amount": 0.00070023, "date": 1680810722, "price": 142810, "tid": 14993256, "type": "buy"}
{"amount": 0.00207989, "date": 1680810728, "price": 142810, "tid": 14993257, "type": "buy"}
{"amount": 0.16642004, "date": 1680810749, "price": 142810, "tid": 14993258, "type": "buy"}
{"amount": 0.16642005, "date": 1680810828, "price": 142810, "tid": 14993259, "type": "buy"}
{"amount": 0.00104857, "date": 1680810832, "price": 142810, "tid": 14993260, "type": "buy"}
{"amount": 0.41943, "date": 1680810842, "price": 142810, "tid": 14993261, "type": "buy"}
{"amount": 0.14868747, "date": 1680810844, "price": 142810, "tid": 14993262, "type": "buy"}
{"amount": 6e-06, "date": 1680810844, "price": 142888, "tid": 14993263, "type": "buy"}
{"amount": 0.0037, "date": 1680810844, "price": 142893.99999999, "tid": 14993264, "type": "buy"}
{"amount": 0.26703653, "date": 1680810844, "price": 142894, "tid": 14993265, "type": "buy"}
{"amount": 0.00020971, "date": 1680810846, "price": 142938.13, "tid": 14993266, "type": "buy"}
{"amount": 0.00249452, "date": 1680810881, "price": 142887.06460964, "tid": 14993267, "type": "buy"}
{"amount": 0.00019985, "date": 1680810999, "price": 142918.1529467, "tid": 14993268, "type": "sell"}
{"amount": 0.00841, "date": 1680811015, "price": 142928.22397832, "tid": 14993269, "type": "sell"}
{"amount": 0.00193326, "date": 1680811015, "price": 142927.1712219, "tid": 14993270, "type": "sell"}
{"amount": 0.0044, "date": 1680811039, "price": 142938.12999999, "tid": 14993271, "type": "sell"}
{"amount": 0.004175, "date": 1680811039, "price": 142938.12999999, "tid": 14993272, "type": "sell"}
{"amount": 0.003815, "date": 1680811039, "price": 142938.12999999, "tid": 14993273, "type": "sell"}
{"amount": 0.00217754, "date": 1680811039, "price": 142938.12999999, "tid": 14993274, "type": "sell"}
{"amount": 0.0016781, "date": 1680811074, "price": 142891.20682973, "tid": 14993275, "type": "sell"}
{"amount": 0.02430957, "date": 1680811107, "price": 142938.13, "tid": 14993276, "type": "buy"}
{"amount": 0.01042573, "date": 1680811107, "price": 142938.13, "tid": 14993277, "type": "buy"}
{"amount": 0.00117755, "date": 1680811111, "price": 142938.13, "tid": 14993278, "type": "buy"}
{"amount": 0.00017142, "date": 1680811131, "price": 142938.13, "tid": 14993279, "type": "buy"}
{"amount": 0.00023004, "date": 1680811229, "price": 142778.36300189, "tid": 14993280, "type": "sell"}
{"amount": 0.00277541, "date": 1680811263, "price": 142799.82909888, "tid": 14993281, "type": "sell"}
{"amount": 6.93e-06, "date": 1680811274, "price": 142768.3408765, "tid": 14993282, "type": "sell"}
{"amount": 0.0352, "date": 1680811330, "price": 142799.83999999, "tid": 14993283, "type": "sell"}
{"amount": 0.00381, "date": 1680811330, "price": 142799.83999999, "tid": 14993284, "type": "sell"}
{"amount": 0.00372, "date": 1680811330, "price": 142799.83999999, "tid": 14993285, "type": "sell"}
{"amount": 0.0152, "date": 1680811330, "price": 142799.83999999, "tid": 14993286, "type": "sell"}
{"amount": 0.00399, "date": 1680811330, "price": 142799.83999999, "tid": 14993287, "type": "sell"}
{"amount": 0.00381, "date": 1680811330, "price": 142799.83999999, "tid": 14993288, "type": "sell"}
{"amount": 0.0043, "date": 1680811330, "price": 142799.83999999, "tid": 14993289, "type": "sell"}
{"amount": 0.0071, "date": 1680811330, "price": 142799.83999999, "tid": 14993290, "type": "sell"}
{"amount": 0.004255, "date": 1680811330, "price": 142799.83999999, "tid": 14993291, "type": "sell"}
{"amount": 0.00403, "date": 1680811330, "price": 142799.83999999, "tid": 14993292, "type": "sell"}
{"amount": 0.003545, "date": 1680811330, "price": 142799.83999999, "tid": 14993293, "type": "sell"}
{"amount": 0.003635, "date": 1680811330, "price": 142799.83999999, "tid": 14993294, "type": "sell"}
{"amount": 0.00338675, "date": 1680811330, "price": 142799.83999999, "tid": 14993295, "type": "sell"}
{"amount": 0.15976, "date": 1680811355, "price": 142799.84, "tid": 14993296, "type": "buy"}
{"amount": 0.11032216, "date": 1680811378, "price": 142948.66, "tid": 14993297, "type": "buy"}
{"amount": 0.04944784, "date": 1680811378, "price": 142959.87, "tid": 14993298, "type": "buy"}
{"amount": 0.0067, "date": 1680811382, "price": 142959.86999999, "tid": 14993299, "type": "buy"}
{"amount": 0.20055216, "date": 1680811382, "price": 142959.87, "tid": 14993300, "type": "buy"}
{"amount": 0.17487784, "date": 1680811382, "price": 142967, "tid": 14993301, "type": "buy"}
{"amount": 0.0066, "date": 1680811384, "price": 142950.64633724, "tid": 14993302, "type": "buy"}
{"amount": 0.21583988, "date": 1680811384, "price": 142961.4, "tid": 14993303, "type": "buy"}
{"amount": 0.0058, "date": 1680811392, "price": 142961.39999999, "tid": 14993304, "type": "buy"}
{"amount": 0.03416012, "date": 1680811392, "price": 142961.4, "tid": 14993305, "type": "buy"}
{"amount": 0.0066, "date": 1680811392, "price": 142973.45518602, "tid": 14993306, "type": "buy"}
{"amount": 6e-06, "date": 1680811392, "price": 142990, "tid": 14993307, "type": "buy"}
{"amount": 6e-06, "date": 1680811392, "price": 142999, "tid": 14993308, "type": "buy"}
{"amount": 0.00350788, "date": 1680811392, "price": 143024.16233824, "tid": 14993309, "type": "buy"}
{"amount": 6.764e-05, "date": 1680811398, "price": 142923.62255004, "tid": 14993310, "type": "sell"}
{"amount": 0.0063, "date": 1680811399, "price": 142970.65230619, "tid": 14993311, "type": "buy"}
{"amount": 0.0057, "date": 1680811399, "price": 142970.65675232, "tid": 14993312, "type": "buy"}
{"amount": 0.0123, "date": 1680811399, "price": 143023.99999999, "tid": 14993313, "type": "buy"}
{"amount": 0.02621503, "date": 1680811399, "price": 143024, "tid": 14993314, "type": "buy"}
{"amount": 0.0057, "date": 1680811401, "price": 142970.65230618, "tid": 14993315, "type": "buy"}
{"amount": 0.06210502, "date": 1680811401, "price": 143024, "tid": 14993316, "type": "buy"}
{"amount": 0.0058, "date": 1680811403, "price": 142974.98918098, "tid": 14993317, "type": "buy"}
{"amount": 0.0055, "date": 1680811403, "price": 142974.99015614, "tid": 14993318, "type": "buy"}
{"amount": 0.0058, "date": 1680811403, "price": 142974.99084416, "tid": 14993319, "type": "buy"}
{"amount": 0.00021524, "date": 1680811403, "price": 143024, "tid": 14993320, "type": "buy"}
{"amount": 0.00096449, "date": 1680811410, "price": 142954.27195456, "tid": 14993321, "type": "sell"}
{"amount": 0.00766, "date": 1680811474, "price": 142941.56756523, "tid": 14993322, "type": "sell"}
{"amount": 0.0035653, "date": 1680811474, "price": 142926.92536992, "tid": 14993323, "type": "sell"}
{"amount": 0.00069955, "date": 1680811497, "price": 142947.15537662, "tid": 14993324, "type": "buy"}
{"amount": 0.00117496, "date": 1680811505, "price": 142841.13314773, "tid": 14993325, "type": "sell"}
{"amount": 0.0007, "date": 1680811586, "price": 142800, "tid": 14993326, "type": "sell"}
{"amount": 0.00542061, "date": 1680811586, "price": 142793.15212868, "tid": 14993327, "type": "sell"}
{"amount": 0.00028106, "date": 1680811621, "price": 142704.96, "tid": 14993328, "type": "sell"}
{"amount": 0.00808, "date": 1680811621, "price": 142659.74893314, "tid": 14993329, "type": "sell"}
{"amount": 0.0033389, "date": 1680811621, "price": 142657.76919815, "tid": 14993330, "type": "sell"}
{"amount": 8.619e-05, "date": 1680811789, "price": 142732.87671836, "tid": 14993331, "type": "sell"}
{"amount": 6.93e-06, "date": 1680811835, "price": 142727.00887326, "tid": 14993332, "type": "sell"}
{"amount": 6.865e-05, "date": 1680811854, "price": 142751.76626, "tid": 14993333, "type": "buy"}
{"amount": 0.00014108, "date": 1680811894, "price": 142762.78823999, "tid": 14993334, "type": "buy"}
{"amount": 0.00178781, "date": 1680811903, "price": 142751.01928688, "tid": 14993335, "type": "sell"}
{"amount": 0.0036, "date": 1680812104, "price": 142844.05679999, "tid": 14993336, "type": "buy"}
{"amount": 0.00338799, "date": 1680812104, "price": 142844.0568, "tid": 14993337, "type": "buy"}
{"amount": 0.00099818, "date": 1680812319, "price": 142844.28207999, "tid": 14993338, "type": "sell"}
{"amount": 0.00030849, "date": 1680812385, "price": 142968.19737274, "tid": 14993339, "type": "buy"}
{"amount": 0.00484759, "date": 1680812423, "price": 142971.99994, "tid": 14993340, "type": "buy"}
{"amount": 0.00017751, "date": 1680812671, "price": 143057.5694113, "tid": 14993341, "type": "buy"}
{"amount": 6.92e-06, "date": 1680812681, "price": 143001.50113511, "tid": 14993342, "type": "sell"}
{"amount": 0.00013706, "date": 1680812697, "price": 143007.88519822, "tid": 14993343, "type": "buy"}
{"amount": 0.00051394, "date": 1680812860, "price": 143026.81619, "tid": 14993344, "type": "buy"}
{"amount": 0.00077873, "date": 1680812881, "price": 143034.99519644, "tid": 14993345, "type": "buy"}
{"amount": 0.00069226, "date": 1680812926, "price": 143023, "tid": 14993346, "type": "buy"}
{"amount": 0.003375, "date": 1680812942, "price": 143022.99999999, "tid": 14993347, "type": "sell"}
{"amount": 0.003755, "date": 1680812942, "price": 143022.99999999, "tid": 14993348, "type": "sell"}
{"amount": 0.00118339, "date": 1680812942, "price": 143022.99999999, "tid": 14993349, "type": "sell"}
{"amount": 0.00367074, "date": 1680812994, "price": 142792.5563618, "tid": 14993350, "type": "sell"}
{"amount": 9.418e-05, "date": 1680813161, "price": 143088.4874863, "tid": 14993351, "type": "buy"}
{"amount": 0.0008, "date": 1680813266, "price": 143036.507491, "tid": 14993352, "type": "buy"}
{"amount": 0.0002, "date": 1680813266, "price": 143036.50926038, "tid": 14993353, "type": "buy"}
{"amount": 7.49e-06, "date": 1680813302, "price": 143061.81, "tid": 14993354, "type": "buy"}
{"amount": 0.00248354, "date": 1680813302, "price": 143087.87443, "tid": 14993355, "type": "buy"}
{"amount": 0.0001096, "date": 1680813374, "price": 143079.98459999, "tid": 14993356, "type": "buy"}
{"amount": 0.0368, "date": 1680813386, "price": 143088.48748629, "tid": 14993357, "type": "sell"}
{"amount": 0.0152, "date": 1680813386, "price": 143088.48748629, "tid": 14993358, "type": "sell"}
{"amount": 0.00401, "date": 1680813386, "price": 143088.48748629, "tid": 14993359, "type": "sell"}
{"amount": 3.389e-05, "date": 1680813390, "price": 143088.47, "tid": 14993360, "type": "buy"}
{"amount": 0.0071, "date": 1680813408, "price": 143088.48742999, "tid": 14993361, "type": "sell"}
{"amount": 0.00762318, "date": 1680813408, "price": 143088.47000001, "tid": 14993362, "type": "sell"}
{"amount": 0.00070608, "date": 1680813428, "price": 143088.48748629, "tid": 14993363, "type": "sell"}
{"amount": 0.00130495, "date": 1680813496, "price": 143088.4874863, "tid": 14993364, "type": "buy"}
{"amount": 0.00077089, "date": 1680813496, "price": 143088.4874863, "tid": 14993365, "type": "buy"}
{"amount": 0.00139794, "date": 1680813500, "price": 143067.00576, "tid": 14993366, "type": "buy"}
{"amount": 7.18e-06, "date": 1680813512, "price": 143067.0057, "tid": 14993367, "type": "buy"}
{"amount": 6.78e-06, "date": 1680813556, "price": 143048.71633999, "tid": 14993368, "type": "buy"}
{"amount": 0.001, "date": 1680813568, "price": 143025.08585656, "tid": 14993369, "type": "sell"}
{"amount": 0.007, "date": 1680813598, "price": 143000.75912428, "tid": 14993370, "type": "sell"}
{"amount": 0.00360544, "date": 1680813598, "price": 143000.66698037, "tid": 14993371, "type": "sell"}
{"amount": 6.851e-05, "date": 1680813618, "price": 143039.67303103, "tid": 14993372, "type": "buy"}
{"amount": 0.00181992, "date": 1680813637, "price": 143026.03575837, "tid": 14993373, "type": "buy"}
{"amount": 0.00069237, "date": 1680813677, "price": 143000.00000001, "tid": 14993374, "type": "buy"}
{"amount": 0.00076818, "date": 1680813785, "price": 143000, "tid": 14993375, "type": "sell"}
{"amount": 0.00791, "date": 1680813785, "price": 142929.03728162, "tid": 14993376, "type": "sell"}
{"amount": 0.00067311, "date": 1680813785, "price": 142913.1536495, "tid": 14993377, "type": "sell"}
{"amount": 0.03473728, "date": 1680813817, "price": 142930.00995, "tid": 14993378, "type": "buy"}
{"amount": 3.814e-05, "date": 1680813903, "price": 142930.00994999, "tid": 14993379, "type": "buy"}
{"amount": 0.00484958, "date": 1680813940, "price": 142913.29168999, "tid": 14993380, "type": "buy"}
{"amount": 0.00694745, "date": 1680813961, "price": 142930.01, "tid": 14993381, "type": "buy"}
{"amount": 0.00020571, "date": 1680814003, "price": 142930.00995, "tid": 14993382, "type": "buy"}
{"amount": 0.00536534, "date": 1680814008, "price": 142930.00994999, "tid": 14993383, "type": "sell"}
{"amount": 0.00084595, "date": 1680814013, "price": 142915.73358319, "tid": 14993384, "type": "sell"}
{"amount": 0.008, "date": 1680814050, "price": 142899.78023601, "tid": 14993385, "type": "sell"}
{"amount": 0.0079, "date": 1680814050, "price": 142899.5728488, "tid": 14993386, "type": "sell"}
{"amount": 0.007, "date": 1680814050, "price": 142899.31585515, "tid": 14993387, "type": "sell"}
{"amount": 0.0157, "date": 1680814050, "price": 142886.30123653, "tid": 14993388, "type": "sell"}
{"amount": 0.00744, "date": 1680814050, "price": 142886.30123652, "tid": 14993389, "type": "sell"}
{"amount": 0.00811, "date": 1680814050, "price": 142864.03876323, "tid": 14993390, "type": "sell"}
{"amount": 0.00740207, "date": 1680814050, "price": 142863.59856333, "tid": 14993391, "type": "sell"}
{"amount": 3.769e-05, "date": 1680814160, "price": 142792.55, "tid": 14993392, "type": "sell"}
{"amount": 0.00046471, "date": 1680814228, "price": 142792.55, "tid": 14993393, "type": "sell"}
{"amount": 0.00020603, "date": 1680814280, "price": 142711.63365, "tid": 14993394, "type": "buy"}
{"amount": 0.00104895, "date": 1680814437, "price": 142546.37995, "tid": 14993395, "type": "buy"}
{"amount": 3.905e-05, "date": 1680814467, "price": 142531.43199271, "tid": 14993396, "type": "sell"}
{"amount": 7.89e-06, "date": 1680814516, "price": 142528.13562839, "tid": 14993397, "type": "buy"}
{"amount": 0.07757194, "date": 1680814591, "price": 142465.20415, "tid": 14993398, "type": "buy"}
{"amount": 0.03310371, "date": 1680814591, "price": 142465.20415, "tid": 14993399, "type": "buy"}
{"amount": 0.02872535, "date": 1680814591, "price": 142472.4, "tid": 14993400, "type": "buy"}
{"amount": 0.00589729, "date": 1680814614, "price": 142472.07, "tid": 14993401, "type": "buy"}
{"amount": 0.00697367, "date": 1680814665, "price": 142392.63, "tid": 14993402, "type": "buy"}
{"amount": 1.362e-05, "date": 1680814686, "price": 142392.62995, "tid": 14993403, "type": "buy"}
{"amount": 0.0081, "date": 1680814704, "price": 142392.62994998, "tid": 14993404, "type": "buy"}
{"amount": 0.01127284, "date": 1680814704, "price": 142392.62994999, "tid": 14993405, "type": "buy"}
{"amount": 0.00011, "date": 1680814758, "price": 142392.63, "tid": 14993406, "type": "buy"}
{"amount": 6.886e-05, "date": 1680814865, "price": 142314.53999998, "tid": 14993407, "type": "buy"}
{"amount": 0.0031307, "date": 1680814884, "price": 142314.53999998, "tid": 14993408, "type": "buy"}
{"amount": 0.00105895, "date": 1680814915, "price": 142307.300133, "tid": 14993409, "type": "sell"}
{"amount": 7.022e-05, "date": 1680814972, "price": 142390.04, "tid": 14993410, "type": "buy"}
{"amount": 0.003405, "date": 1680814976, "price": 142390.03999999, "tid": 14993411, "type": "sell"}
{"amount": 0.00357, "date": 1680814976, "price": 142390.03999999, "tid": 14993412, "type": "sell"}
{"amount": 0.01655765, "date": 1680814990, "price": 142390.03999999, "tid": 14993413, "type": "buy"}
{"amount": 0.12672933, "date": 1680814990, "price": 142390.04, "tid": 14993414, "type": "buy"}
{"amount": 0.00139057, "date": 1680815034, "price": 142401.58424487, "tid": 14993415, "type": "buy"}
{"amount": 0.0075, "date": 1680815044, "price": 142419.10446578, "tid": 14993416, "type": "buy"}
{"amount": 0.02038788, "date": 1680815044, "price": 142430.52, "tid": 14993417, "type": "buy"}
{"amount": 0.00010006, "date": 1680815125, "price": 142449.0615636, "tid": 14993418, "type": "sell"}
{"amount": 0.0071, "date": 1680815176, "price": 142453.97596131, "tid": 14993419, "type": "buy"}
{"amount": 0.0166, "date": 1680815176, "price": 142466.41179999, "tid": 14993420, "type": "buy"}
{"amount": 0.21147124, "date": 1680815176, "price": 142495.31, "tid": 14993421, "type": "buy"}
{"amount": 0.00010007, "date": 1680815191, "price": 142453.98999999, "tid": 14993422, "type": "sell"}
{"amount": 6.735e-05, "date": 1680815191, "price": 142453.99, "tid": 14993423, "type": "buy"}
{"amount": 0.00387, "date": 1680815227, "price": 142453.98999999, "tid": 14993424, "type": "sell"}
{"amount": 0.00391, "date": 1680815227, "price": 142453.98999999, "tid": 14993425, "type": "sell"}
{"amount": 0.00355, "date": 1680815227, "price": 142453.98999999, "tid": 14993426, "type": "sell"}
{"amount": 0.00363, "date": 1680815227, "price": 142453.98999999, "tid": 14993427, "type": "sell"}
{"amount": 4e-05, "date": 1680815227, "price": 142453.98999999, "tid": 14993428, "type": "sell"}
{"amount": 6.564e-05, "date": 1680815332, "price": 142453.99, "tid": 14993429, "type": "buy"}
{"amount": 0.0065, "date": 1680815531, "price": 142440.87315555, "tid": 14993430, "type": "buy"}
{"amount": 0.0068, "date": 1680815531, "price": 142441.12758938, "tid": 14993431, "type": "buy"}
{"amount": 0.00389, "date": 1680815531, "price": 142450.14134538, "tid": 14993432, "type": "buy"}
{"amount": 0.00418, "date": 1680815531, "price": 142450.565453, "tid": 14993433, "type": "buy"}
{"amount": 0.00432, "date": 1680815531, "price": 142450.5800774, "tid": 14993434, "type": "buy"}
{"amount": 0.00418, "date": 1680815531, "price": 142450.748258, "tid": 14993435, "type": "buy"}
{"amount": 0.00446, "date": 1680815531, "price": 142451.540413, "tid": 14993436, "type": "buy"}
{"amount": 0.002135, "date": 1680815531, "price": 142453.99999998, "tid": 14993437, "type": "buy"}
{"amount": 0.03373479, "date": 1680815531, "price": 142454, "tid": 14993438, "type": "buy"}
{"amount": 0.00085069, "date": 1680815634, "price": 142523.32, "tid": 14993439, "type": "buy"}
{"amount": 0.00123117, "date": 1680815634, "price": 142532.9771024, "tid": 14993440, "type": "buy"}
{"amount": 0.0083, "date": 1680815663, "price": 142505.16567685, "tid": 14993441, "type": "sell"}
{"amount": 0.00723, "date": 1680815663, "price": 142492.42310154, "tid": 14993442, "type": "sell"}
{"amount": 0.014, "date": 1680815663, "price": 142492.08395365, "tid": 14993443, "type": "sell"}
{"amount": 0.00691, "date": 1680815663, "price": 142492.08395364, "tid": 14993444, "type": "sell"}
{"amount": 0.00699, "date": 1680815663, "price": 142490.99927665, "tid": 14993445, "type": "sell"}
{"amount": 0.04480458, "date": 1680815663, "price": 142489.37668, "tid": 14993446, "type": "sell"}
{"amount": 6.9e-06, "date": 1680815724, "price": 142490.17701771, "tid": 14993447, "type": "sell"}
{"amount": 0.00024583, "date": 1680815729, "price": 142528.42749923, "tid": 14993448, "type": "buy"}
{"amount": 0.0006947, "date": 1680815752, "price": 142521.13699887, "tid": 14993449, "type": "buy"}
{"amount": 0.00044774, "date": 1680815786, "price": 142462.91218833, "tid": 14993450, "type": "sell"}
{"amount": 0.00291912, "date": 1680815831, "price": 142485.55070146, "tid": 14993451, "type": "sell"}
{"amount": 6.66e-06, "date": 1680815995, "price": 142600, "tid": 14993452, "type": "buy"}
{"amount": 0.0006873, "date": 1680815995, "price": 142674.54308192, "tid": 14993453, "type": "buy"}
{"amount": 0.00013738, "date": 1680816042, "price": 142678.24257006, "tid": 14993454, "type": "buy"}
{"amount": 7.378e-05, "date": 1680816068, "price": 142654.4376057, "tid": 14993455, "type": "sell"}
{"amount": 3.74e-05, "date": 1680816131, "price": 142651.2235331, "tid": 14993456, "type": "sell"}
{"amount": 1.401e-05, "date": 1680816250, "price": 142671.36999516, "tid": 14993457, "type": "buy"}
{"amount": 0.00265905, "date": 1680816276, "price": 142629.01336932, "tid": 14993458, "type": "sell"}
{"amount": 0.0075, "date": 1680816289, "price": 142632.19797389, "tid": 14993459, "type": "sell"}
{"amount": 0.0077, "date": 1680816289, "price": 142632.19792926, "tid": 14993460, "type": "sell"}
{"amount": 0.017, "date": 1680816289, "price": 142609.19289571, "tid": 14993461, "type": "sell"}
{"amount": 0.00775, "date": 1680816289, "price": 142609.1928957, "tid": 14993462, "type": "sell"}
{"amount": 0.00639, "date": 1680816289, "price": 142608.6828228, "tid": 14993463, "type": "sell"}
{"amount": 0.00767, "date": 1680816289, "price": 142608.6362408, "tid": 14993464, "type": "sell"}
{"amount": 0.00767, "date": 1680816289, "price": 142608.4988239, "tid": 14993465, "type": "sell"}
{"amount": 0.00783, "date": 1680816289, "price": 142608.2123446, "tid": 14993466, "type": "sell"}
{"amount": 0.00783, "date": 1680816289, "price": 142608.0283457, "tid": 14993467, "type": "sell"}
{"amount": 0.05501974, "date": 1680816289, "price": 142605.85931, "tid": 14993468, "type": "sell"}
{"amount": 0.00743, "date": 1680816289, "price": 142601.64569838, "tid": 14993469, "type": "sell"}
{"amount": 0.00767, "date": 1680816289, "price": 142601.55486348, "tid": 14993470, "type": "sell"}
{"amount": 0.00671, "date": 1680816289, "price": 142600.14966719, "tid": 14993471, "type": "sell"}
{"amount": 0.00711, "date": 1680816289, "price": 142593.3706912, "tid": 14993472, "type": "sell"}
{"amount": 0.00735, "date": 1680816289, "price": 142586.4214291, "tid": 14993473, "type": "sell"}
{"amount": 0.00743, "date": 1680816289, "price": 142585.42923249, "tid": 14993474, "type": "sell"}
{"amount": 0.00703, "date": 1680816289, "price": 142576.10506072, "tid": 14993475, "type": "sell"}
{"amount": 0.00727, "date": 1680816289, "price": 142574.8346451, "tid": 14993476, "type": "sell"}
{"amount": 0.00751, "date": 1680816289, "price": 142574.54855262, "tid": 14993477, "type": "sell"}
{"amount": 0.00647, "date": 1680816289, "price": 142574.28536432, "tid": 14993478, "type": "sell"}
{"amount": 0.00687, "date": 1680816289, "price": 142572.89254821, "tid": 14993479, "type": "sell"}
{"amount": 0.00639, "date": 1680816289, "price": 142572.71749321, "tid": 14993480, "type": "sell"}
{"amount": 0.00711, "date": 1680816289, "price": 142572.66595621, "tid": 14993481, "type": "sell"}
{"amount": 0.00751, "date": 1680816289, "price": 142502.2474082, "tid": 14993482, "type": "sell"}
{"amount": 0.00719, "date": 1680816289, "price": 142501.5812856, "tid": 14993483, "type": "sell"}
{"amount": 0.00735, "date": 1680816289, "price": 142499.6066384, "tid": 14993484, "type": "sell"}
{"amount": 0.00663, "date": 1680816289, "price": 142499.1403888, "tid": 14993485, "type": "sell"}
{"amount": 0.00759, "date": 1680816289, "price": 142498.4933286, "tid": 14993486, "type": "sell"}
{"amount": 0.00743, "date": 1680816289, "price": 142484.7720733, "tid": 14993487, "type": "sell"}
{"amount": 0.00322558, "date": 1680816289, "price": 142480.06, "tid": 14993488, "type": "sell"}
{"amount": 1.198e-05, "date": 1680816376, "price": 142638.66160426, "tid": 14993489, "type": "buy"}
{"amount": 7.772e-05, "date": 1680816432, "price": 142613.0864086, "tid": 14993490, "type": "buy"}
{"amount": 0.00569, "date": 1680816525, "price": 142582.8139909, "tid": 14993491, "type": "sell"}
{"amount": 0.00268078, "date": 1680816525, "price": 142582.73188154, "tid": 14993492, "type": "sell"}
{"amount": 0.003, "date": 1680816547, "price": 142560.99662648, "tid": 14993493, "type": "sell"}
{"amount": 0.00065213, "date": 1680816564, "price": 142559.27083217, "tid": 14993494, "type": "sell"}
{"amount": 0.00055727, "date": 1680816579, "price": 142598.91176622, "tid": 14993495, "type": "buy"}
{"amount": 0.0084, "date": 1680816584, "price": 142598.31564152, "tid": 14993496, "type": "buy"}
{"amount": 0.0082, "date": 1680816584, "price": 142598.33753965, "tid": 14993497, "type": "buy"}
{"amount": 0.0147, "date": 1680816584, "price": 142605.05294674, "tid": 14993498, "type": "buy"}
{"amount": 0.0054, "date": 1680816584, "price": 142635.5653704, "tid": 14993499, "type": "buy"}
{"amount": 0.00498, "date": 1680816584, "price": 142635.7043022, "tid": 14993500, "type": "buy"}
{"amount": 0.00740343, "date": 1680816584, "price": 142638.51, "tid": 14993501, "type": "buy"}
{"amount": 0.00632, "date": 1680816669, "price": 142548.30683308, "tid": 14993502, "type": "sell"}
{"amount": 0.00632, "date": 1680816669, "price": 142545.84031618, "tid": 14993503, "type": "sell"}
{"amount": 0.00584, "date": 1680816669, "price": 142545.7106122, "tid": 14993504, "type": "sell"}
{"amount": 0.00584, "date": 1680816669, "price": 142545.2843869, "tid": 14993505, "type": "sell"}
{"amount": 0.00659, "date": 1680816669, "price": 142545.08568778, "tid": 14993506, "type": "sell"}
{"amount": 0.00638, "date": 1680816669, "price": 142545.06778059, "tid": 14993507, "type": "sell"}
{"amount": 0.0082, "date": 1680816669, "price": 142544.41316811, "tid": 14993508, "type": "sell"}
{"amount": 0.00564, "date": 1680816669, "price": 142544.24327919, "tid": 14993509, "type": "sell"}
{"amount": 0.00618, "date": 1680816669, "price": 142544.0592803, "tid": 14993510, "type": "sell"}
{"amount": 0.0082, "date": 1680816669, "price": 142542.3210461, "tid": 14993511, "type": "sell"}
{"amount": 0.00448, "date": 1680816669, "price": 142542.32104609, "tid": 14993512, "type": "sell"}
{"amount": 0.0014027, "date": 1680816679, "price": 142581.66850467, "tid": 14993513, "type": "buy"}
{"amount": 7.01e-06, "date": 1680816717, "price": 142542.35857539, "tid": 14993514, "type": "buy"}
{"amount": 6.047e-05, "date": 1680816771, "price": 142531.67425283, "tid": 14993515, "type": "buy"}
{"amount": 0.00573, "date": 1680816862, "price": 142539.950981, "tid": 14993516, "type": "sell"}
{"amount": 0.0056, "date": 1680816862, "price": 142537.70107037, "tid": 14993517, "type": "sell"}
{"amount": 0.00528, "date": 1680816862, "price": 142536.6133807, "tid": 14993518, "type": "sell"}
{"amount": 0.00624, "date": 1680816862, "price": 142536.3618379, "tid": 14993519, "type": "sell"}
{"amount": 0.0076, "date": 1680816862, "price": 142534.93177051, "tid": 14993520, "type": "sell"}
{"amount": 0.00598, "date": 1680816862, "price": 142534.9317705, "tid": 14993521, "type": "sell"}
{"amount": 0.00534, "date": 1680816862, "price": 142533.46982479, "tid": 14993522, "type": "sell"}
{"amount": 0.00624, "date": 1680816862, "price": 142533.3340079, "tid": 14993523, "type": "sell"}
{"amount": 0.00528, "date": 1680816862, "price": 142530.8379418, "tid": 14993524, "type": "sell"}
{"amount": 0.00585, "date": 1680816862, "price": 142530.6515683, "tid": 14993525, "type": "sell"}
{"amount": 0.0056, "date": 1680816862, "price": 142530.37910709, "tid": 14993526, "type": "sell"}
{"amount": 0.00525, "date": 1680816862, "price": 142530.12756629, "tid": 14993527, "type": "sell"}
{"amount": 4.53e-05, "date": 1680816878, "price": 142573.87729899, "tid": 14993528, "type": "buy"}
{"amount": 0.0077, "date": 1680816892, "price": 142543.09011639, "tid": 14993529, "type": "buy"}
{"amount": 0.00551, "date": 1680816892, "price": 142544.35604133, "tid": 14993530, "type": "buy"}
{"amount": 0.0144, "date": 1680816892, "price": 142563.24815678, "tid": 14993531, "type": "buy"}
{"amount": 0.00624, "date": 1680816892, "price": 142563.24815679, "tid": 14993532, "type": "buy"}
{"amount": 0.00531, "date": 1680816892, "price": 142563.27984299, "tid": 14993533, "type": "buy"}
{"amount": 0.00531, "date": 1680816892, "price": 142563.38465119, "tid": 14993534, "type": "buy"}
{"amount": 0.0141, "date": 1680816892, "price": 142563.44558618, "tid": 14993535, "type": "buy"}
{"amount": 0.00544, "date": 1680816892, "price": 142563.44558619, "tid": 14993536, "type": "buy"}
{"amount": 0.00637, "date": 1680816892, "price": 142563.52602039, "tid": 14993537, "type": "buy"}
{"amount": 0.00345425, "date": 1680816892, "price": 142563.56014399, "tid": 14993538, "type": "buy"}
{"amount": 0.0063, "date": 1680817099, "price": 142531.02157191, "tid": 14993539, "type": "buy"}
{"amount": 0.0066, "date": 1680817099, "price": 142531.04975761, "tid": 14993540, "type": "buy"}
{"amount": 0.00568, "date": 1680817099, "price": 142549.07467577, "tid": 14993541, "type": "buy"}
{"amount": 0.00264237, "date": 1680817099, "price": 142549.96432678, "tid": 14993542, "type": "buy"}
{"amount": 0.0003106, "date": 1680817106, "price": 142531.02024083, "tid": 14993543, "type": "buy"}
{"amount": 0.0010108, "date": 1680817197, "price": 142509.70689731, "tid": 14993544, "type": "sell"}
{"amount": 0.0041674, "date": 1680817358, "price": 142549.17460918, "tid": 14993545, "type": "buy"}
{"amount": 0.00043035, "date": 1680817378, "price": 142508.36709557, "tid": 14993546, "type": "sell"}
{"amount": 0.0072, "date": 1680798123, "price": 143510.10368999, "tid": 14992547, "type": "sell"}
{"amount": 0.0003282, "date": 1680798123, "price": 143504.46261292, "tid": 14992548, "type": "sell"}
{"amount": 0.00029309, "date": 1680798141, "price": 143505.84719621, "tid": 14992549, "type": "sell"}
{"amount": 0.00070571, "date": 1680798168, "price": 143450.41206233, "tid": 14992550, "type": "sell"}
{"amount": 0.00207004, "date": 1680798171, "price": 143489.34112341, "tid": 14992551, "type": "buy"}
{"amount": 0.0052, "date": 1680798196, "price": 143463.80349307, "tid": 14992552, "type": "buy"}
{"amount": 2.779e-05, "date": 1680798196, "price": 143464.36427268, "tid": 14992553, "type": "buy"}
{"amount": 0.00759, "date": 1680798217, "price": 143449.2810816, "tid": 14992554, "type": "sell"}
{"amount": 0.00703893, "date": 1680798217, "price": 143448.35642889, "tid": 14992555, "type": "sell"}
{"amount": 0.01456937, "date": 1680798273, "price": 143453.12355941, "tid": 14992556, "type": "sell"}
{"amount": 0.00181204, "date": 1680798282, "price": 143484.54363359, "tid": 14992557, "type": "buy"}
{"amount": 0.00040426, "date": 1680798298, "price": 143470.79182277, "tid": 14992558, "type": "buy"}
{"amount": 1.725e-05, "date": 1680798307, "price": 143448.42164369, "tid": 14992559, "type": "sell"}
{"amount": 0.003312, "date": 1680798338, "price": 143446.3860103, "tid": 14992560, "type": "sell"}
{"amount": 0.00295999, "date": 1680798350, "price": 143446.46519969, "tid": 14992561, "type": "sell"}
{"amount": 0.00454001, "date": 1680798351, "price": 143446.46519969, "tid": 14992562, "type": "sell"}
{"amount": 0.00137999, "date": 1680798351, "price": 143445.92251938, "tid": 14992563, "type": "sell"}
{"amount": 0.00531001, "date": 1680798353, "price": 143445.92251938, "tid": 14992564, "type": "sell"}
